%YAML 1.1
%TAG !u! tag:unity3d.com,2011:
--- !u!29 &1
OcclusionCullingSettings:
  m_ObjectHideFlags: 0
  serializedVersion: 2
  m_OcclusionBakeSettings:
    smallestOccluder: 5
    smallestHole: 0.25
    backfaceThreshold: 100
  m_SceneGUID: 00000000000000000000000000000000
  m_OcclusionCullingData: {fileID: 0}
--- !u!104 &2
RenderSettings:
  m_ObjectHideFlags: 0
  serializedVersion: 9
  m_Fog: 0
  m_FogColor: {r: 0.5, g: 0.5, b: 0.5, a: 1}
  m_FogMode: 3
  m_FogDensity: 0.01
  m_LinearFogStart: 0
  m_LinearFogEnd: 300
  m_AmbientSkyColor: {r: 0.212, g: 0.227, b: 0.259, a: 1}
  m_AmbientEquatorColor: {r: 0.114, g: 0.125, b: 0.133, a: 1}
  m_AmbientGroundColor: {r: 0.047, g: 0.043, b: 0.035, a: 1}
  m_AmbientIntensity: 1
  m_AmbientMode: 0
  m_SubtractiveShadowColor: {r: 0.42, g: 0.478, b: 0.627, a: 1}
  m_SkyboxMaterial: {fileID: 10304, guid: 0000000000000000f000000000000000, type: 0}
  m_HaloStrength: 0.5
  m_FlareStrength: 1
  m_FlareFadeSpeed: 3
  m_HaloTexture: {fileID: 0}
  m_SpotCookie: {fileID: 10001, guid: 0000000000000000e000000000000000, type: 0}
  m_DefaultReflectionMode: 0
  m_DefaultReflectionResolution: 128
  m_ReflectionBounces: 1
  m_ReflectionIntensity: 1
  m_CustomReflection: {fileID: 0}
  m_Sun: {fileID: 0}
  m_UseRadianceAmbientProbe: 0
--- !u!157 &3
LightmapSettings:
  m_ObjectHideFlags: 0
  serializedVersion: 12
  m_GIWorkflowMode: 1
  m_GISettings:
    serializedVersion: 2
    m_BounceScale: 1
    m_IndirectOutputScale: 1
    m_AlbedoBoost: 1
    m_EnvironmentLightingMode: 0
    m_EnableBakedLightmaps: 1
    m_EnableRealtimeLightmaps: 0
  m_LightmapEditorSettings:
    serializedVersion: 12
    m_Resolution: 2
    m_BakeResolution: 40
    m_AtlasSize: 1024
    m_AO: 0
    m_AOMaxDistance: 1
    m_CompAOExponent: 1
    m_CompAOExponentDirect: 0
    m_ExtractAmbientOcclusion: 0
    m_Padding: 2
    m_LightmapParameters: {fileID: 0}
    m_LightmapsBakeMode: 1
    m_TextureCompression: 1
    m_FinalGather: 0
    m_FinalGatherFiltering: 1
    m_FinalGatherRayCount: 256
    m_ReflectionCompression: 2
    m_MixedBakeMode: 2
    m_BakeBackend: 1
    m_PVRSampling: 1
    m_PVRDirectSampleCount: 32
    m_PVRSampleCount: 512
    m_PVRBounces: 2
    m_PVREnvironmentSampleCount: 256
    m_PVREnvironmentReferencePointCount: 2048
    m_PVRFilteringMode: 1
    m_PVRDenoiserTypeDirect: 1
    m_PVRDenoiserTypeIndirect: 1
    m_PVRDenoiserTypeAO: 1
    m_PVRFilterTypeDirect: 0
    m_PVRFilterTypeIndirect: 0
    m_PVRFilterTypeAO: 0
    m_PVREnvironmentMIS: 1
    m_PVRCulling: 1
    m_PVRFilteringGaussRadiusDirect: 1
    m_PVRFilteringGaussRadiusIndirect: 5
    m_PVRFilteringGaussRadiusAO: 2
    m_PVRFilteringAtrousPositionSigmaDirect: 0.5
    m_PVRFilteringAtrousPositionSigmaIndirect: 2
    m_PVRFilteringAtrousPositionSigmaAO: 1
    m_ExportTrainingData: 0
    m_TrainingDataDestination: TrainingData
    m_LightProbeSampleCountMultiplier: 4
  m_LightingDataAsset: {fileID: 0}
  m_LightingSettings: {fileID: 0}
--- !u!196 &4
NavMeshSettings:
  serializedVersion: 2
  m_ObjectHideFlags: 0
  m_BuildSettings:
    serializedVersion: 3
    agentTypeID: 0
    agentRadius: 0.5
    agentHeight: 2
    agentSlope: 45
    agentClimb: 0.4
    ledgeDropHeight: 0
    maxJumpAcrossDistance: 0
    minRegionArea: 2
    manualCellSize: 0
    cellSize: 0.16666667
    manualTileSize: 0
    tileSize: 256
    buildHeightMesh: 0
    maxJobWorkers: 0
    preserveTilesOutsideBounds: 0
    debug:
      m_Flags: 0
  m_NavMeshData: {fileID: 0}
--- !u!1001 &15019600
PrefabInstance:
  m_ObjectHideFlags: 0
  serializedVersion: 2
  m_Modification:
    serializedVersion: 3
    m_TransformParent: {fileID: 0}
    m_Modifications:
    - target: {fileID: 2009200519995587452, guid: eb03e0c631bdc0443a72ee8678451e74, type: 3}
      propertyPath: m_Name
      value: Capsule Player (RC)
      objectReference: {fileID: 0}
    - target: {fileID: 2196527454842182896, guid: eb03e0c631bdc0443a72ee8678451e74, type: 3}
      propertyPath: m_LocalPosition.x
      value: 0
      objectReference: {fileID: 0}
    - target: {fileID: 2196527454842182896, guid: eb03e0c631bdc0443a72ee8678451e74, type: 3}
      propertyPath: m_LocalPosition.y
      value: 0
      objectReference: {fileID: 0}
    - target: {fileID: 2196527454842182896, guid: eb03e0c631bdc0443a72ee8678451e74, type: 3}
      propertyPath: m_LocalPosition.z
      value: 0
      objectReference: {fileID: 0}
    - target: {fileID: 2196527454842182896, guid: eb03e0c631bdc0443a72ee8678451e74, type: 3}
      propertyPath: m_LocalRotation.w
      value: 1
      objectReference: {fileID: 0}
    - target: {fileID: 2196527454842182896, guid: eb03e0c631bdc0443a72ee8678451e74, type: 3}
      propertyPath: m_LocalRotation.x
      value: 0
      objectReference: {fileID: 0}
    - target: {fileID: 2196527454842182896, guid: eb03e0c631bdc0443a72ee8678451e74, type: 3}
      propertyPath: m_LocalRotation.y
      value: 0
      objectReference: {fileID: 0}
    - target: {fileID: 2196527454842182896, guid: eb03e0c631bdc0443a72ee8678451e74, type: 3}
      propertyPath: m_LocalRotation.z
      value: 0
      objectReference: {fileID: 0}
    - target: {fileID: 2196527454842182896, guid: eb03e0c631bdc0443a72ee8678451e74, type: 3}
      propertyPath: m_LocalEulerAnglesHint.x
      value: 0
      objectReference: {fileID: 0}
    - target: {fileID: 2196527454842182896, guid: eb03e0c631bdc0443a72ee8678451e74, type: 3}
      propertyPath: m_LocalEulerAnglesHint.y
      value: 0
      objectReference: {fileID: 0}
    - target: {fileID: 2196527454842182896, guid: eb03e0c631bdc0443a72ee8678451e74, type: 3}
      propertyPath: m_LocalEulerAnglesHint.z
      value: 0
      objectReference: {fileID: 0}
    m_RemovedComponents: []
    m_RemovedGameObjects: []
    m_AddedGameObjects: []
    m_AddedComponents:
    - targetCorrespondingSourceObject: {fileID: 2009200519995587452, guid: eb03e0c631bdc0443a72ee8678451e74, type: 3}
      insertIndex: -1
      addedObject: {fileID: 803229547}
    - targetCorrespondingSourceObject: {fileID: 2009200519995587452, guid: eb03e0c631bdc0443a72ee8678451e74, type: 3}
      insertIndex: -1
      addedObject: {fileID: 803229556}
    - targetCorrespondingSourceObject: {fileID: 2009200519995587452, guid: eb03e0c631bdc0443a72ee8678451e74, type: 3}
      insertIndex: -1
      addedObject: {fileID: 803229555}
  m_SourcePrefab: {fileID: 100100000, guid: eb03e0c631bdc0443a72ee8678451e74, type: 3}
--- !u!1001 &16062303
PrefabInstance:
  m_ObjectHideFlags: 0
  serializedVersion: 2
  m_Modification:
    serializedVersion: 3
    m_TransformParent: {fileID: 0}
    m_Modifications:
    - target: {fileID: 2061667387360071918, guid: 5719de8f332309c4a98f937e24ae07ad, type: 3}
      propertyPath: m_LocalPosition.x
      value: -10
      objectReference: {fileID: 0}
    - target: {fileID: 2061667387360071918, guid: 5719de8f332309c4a98f937e24ae07ad, type: 3}
      propertyPath: m_LocalPosition.y
      value: 0.5
      objectReference: {fileID: 0}
    - target: {fileID: 2061667387360071918, guid: 5719de8f332309c4a98f937e24ae07ad, type: 3}
      propertyPath: m_LocalPosition.z
      value: 0
      objectReference: {fileID: 0}
    - target: {fileID: 2061667387360071918, guid: 5719de8f332309c4a98f937e24ae07ad, type: 3}
      propertyPath: m_LocalRotation.w
      value: 0.92387956
      objectReference: {fileID: 0}
    - target: {fileID: 2061667387360071918, guid: 5719de8f332309c4a98f937e24ae07ad, type: 3}
      propertyPath: m_LocalRotation.x
      value: 0
      objectReference: {fileID: 0}
    - target: {fileID: 2061667387360071918, guid: 5719de8f332309c4a98f937e24ae07ad, type: 3}
      propertyPath: m_LocalRotation.y
      value: 0
      objectReference: {fileID: 0}
    - target: {fileID: 2061667387360071918, guid: 5719de8f332309c4a98f937e24ae07ad, type: 3}
      propertyPath: m_LocalRotation.z
      value: 0.38268343
      objectReference: {fileID: 0}
    - target: {fileID: 2061667387360071918, guid: 5719de8f332309c4a98f937e24ae07ad, type: 3}
      propertyPath: m_LocalEulerAnglesHint.x
      value: 0
      objectReference: {fileID: 0}
    - target: {fileID: 2061667387360071918, guid: 5719de8f332309c4a98f937e24ae07ad, type: 3}
      propertyPath: m_LocalEulerAnglesHint.y
      value: 0
      objectReference: {fileID: 0}
    - target: {fileID: 2061667387360071918, guid: 5719de8f332309c4a98f937e24ae07ad, type: 3}
      propertyPath: m_LocalEulerAnglesHint.z
      value: 45
      objectReference: {fileID: 0}
    - target: {fileID: 4672017101998907690, guid: 5719de8f332309c4a98f937e24ae07ad, type: 3}
      propertyPath: m_Name
      value: Diamond Item
      objectReference: {fileID: 0}
    - target: {fileID: 4672017101998907690, guid: 5719de8f332309c4a98f937e24ae07ad, type: 3}
      propertyPath: m_IsActive
      value: 0
      objectReference: {fileID: 0}
    m_RemovedComponents: []
    m_RemovedGameObjects: []
    m_AddedGameObjects: []
    m_AddedComponents: []
  m_SourcePrefab: {fileID: 100100000, guid: 5719de8f332309c4a98f937e24ae07ad, type: 3}
--- !u!1001 &27540280
PrefabInstance:
  m_ObjectHideFlags: 0
  serializedVersion: 2
  m_Modification:
    serializedVersion: 3
    m_TransformParent: {fileID: 0}
    m_Modifications:
    - target: {fileID: 6249432125003155937, guid: 269f068ff6729d6488d2c7e84409cdd7, type: 3}
      propertyPath: m_LocalPosition.x
      value: 0.49
      objectReference: {fileID: 0}
    - target: {fileID: 6249432125003155937, guid: 269f068ff6729d6488d2c7e84409cdd7, type: 3}
      propertyPath: m_LocalPosition.y
      value: 0.5
      objectReference: {fileID: 0}
    - target: {fileID: 6249432125003155937, guid: 269f068ff6729d6488d2c7e84409cdd7, type: 3}
      propertyPath: m_LocalPosition.z
      value: 4.35
      objectReference: {fileID: 0}
    - target: {fileID: 6249432125003155937, guid: 269f068ff6729d6488d2c7e84409cdd7, type: 3}
      propertyPath: m_LocalRotation.w
      value: 0.0000000754979
      objectReference: {fileID: 0}
    - target: {fileID: 6249432125003155937, guid: 269f068ff6729d6488d2c7e84409cdd7, type: 3}
      propertyPath: m_LocalRotation.x
      value: 1.7112914e-15
      objectReference: {fileID: 0}
    - target: {fileID: 6249432125003155937, guid: 269f068ff6729d6488d2c7e84409cdd7, type: 3}
      propertyPath: m_LocalRotation.y
      value: 1
      objectReference: {fileID: 0}
    - target: {fileID: 6249432125003155937, guid: 269f068ff6729d6488d2c7e84409cdd7, type: 3}
      propertyPath: m_LocalRotation.z
      value: -0.000000021855694
      objectReference: {fileID: 0}
    - target: {fileID: 6249432125003155937, guid: 269f068ff6729d6488d2c7e84409cdd7, type: 3}
      propertyPath: m_LocalEulerAnglesHint.x
      value: 0
      objectReference: {fileID: 0}
    - target: {fileID: 6249432125003155937, guid: 269f068ff6729d6488d2c7e84409cdd7, type: 3}
      propertyPath: m_LocalEulerAnglesHint.y
      value: 0
      objectReference: {fileID: 0}
    - target: {fileID: 6249432125003155937, guid: 269f068ff6729d6488d2c7e84409cdd7, type: 3}
      propertyPath: m_LocalEulerAnglesHint.z
      value: 0
      objectReference: {fileID: 0}
    - target: {fileID: 6249432125003388353, guid: 269f068ff6729d6488d2c7e84409cdd7, type: 3}
      propertyPath: m_Name
      value: garlic
      objectReference: {fileID: 0}
    - target: {fileID: 6249432125003388353, guid: 269f068ff6729d6488d2c7e84409cdd7, type: 3}
      propertyPath: m_IsActive
      value: 0
      objectReference: {fileID: 0}
    m_RemovedComponents: []
    m_RemovedGameObjects: []
    m_AddedGameObjects: []
    m_AddedComponents: []
  m_SourcePrefab: {fileID: 100100000, guid: 269f068ff6729d6488d2c7e84409cdd7, type: 3}
--- !u!1001 &101870519
PrefabInstance:
  m_ObjectHideFlags: 0
  serializedVersion: 2
  m_Modification:
    serializedVersion: 3
    m_TransformParent: {fileID: 0}
    m_Modifications:
    - target: {fileID: 2061667387360071918, guid: 5719de8f332309c4a98f937e24ae07ad, type: 3}
      propertyPath: m_LocalPosition.x
      value: -13.33
      objectReference: {fileID: 0}
    - target: {fileID: 2061667387360071918, guid: 5719de8f332309c4a98f937e24ae07ad, type: 3}
      propertyPath: m_LocalPosition.y
      value: 0.5
      objectReference: {fileID: 0}
    - target: {fileID: 2061667387360071918, guid: 5719de8f332309c4a98f937e24ae07ad, type: 3}
      propertyPath: m_LocalPosition.z
      value: 6.33
      objectReference: {fileID: 0}
    - target: {fileID: 2061667387360071918, guid: 5719de8f332309c4a98f937e24ae07ad, type: 3}
      propertyPath: m_LocalRotation.w
      value: 0.92387956
      objectReference: {fileID: 0}
    - target: {fileID: 2061667387360071918, guid: 5719de8f332309c4a98f937e24ae07ad, type: 3}
      propertyPath: m_LocalRotation.x
      value: 0
      objectReference: {fileID: 0}
    - target: {fileID: 2061667387360071918, guid: 5719de8f332309c4a98f937e24ae07ad, type: 3}
      propertyPath: m_LocalRotation.y
      value: 0
      objectReference: {fileID: 0}
    - target: {fileID: 2061667387360071918, guid: 5719de8f332309c4a98f937e24ae07ad, type: 3}
      propertyPath: m_LocalRotation.z
      value: 0.38268343
      objectReference: {fileID: 0}
    - target: {fileID: 2061667387360071918, guid: 5719de8f332309c4a98f937e24ae07ad, type: 3}
      propertyPath: m_LocalEulerAnglesHint.x
      value: 0
      objectReference: {fileID: 0}
    - target: {fileID: 2061667387360071918, guid: 5719de8f332309c4a98f937e24ae07ad, type: 3}
      propertyPath: m_LocalEulerAnglesHint.y
      value: 0
      objectReference: {fileID: 0}
    - target: {fileID: 2061667387360071918, guid: 5719de8f332309c4a98f937e24ae07ad, type: 3}
      propertyPath: m_LocalEulerAnglesHint.z
      value: 45
      objectReference: {fileID: 0}
    - target: {fileID: 4672017101998907690, guid: 5719de8f332309c4a98f937e24ae07ad, type: 3}
      propertyPath: m_Name
      value: Diamond Item (6)
      objectReference: {fileID: 0}
    - target: {fileID: 4672017101998907690, guid: 5719de8f332309c4a98f937e24ae07ad, type: 3}
      propertyPath: m_IsActive
      value: 0
      objectReference: {fileID: 0}
    m_RemovedComponents: []
    m_RemovedGameObjects: []
    m_AddedGameObjects: []
    m_AddedComponents: []
  m_SourcePrefab: {fileID: 100100000, guid: 5719de8f332309c4a98f937e24ae07ad, type: 3}
--- !u!1 &125612250
GameObject:
  m_ObjectHideFlags: 0
  m_CorrespondingSourceObject: {fileID: 0}
  m_PrefabInstance: {fileID: 0}
  m_PrefabAsset: {fileID: 0}
  serializedVersion: 6
  m_Component:
  - component: {fileID: 125612252}
  - component: {fileID: 125612251}
  m_Layer: 0
  m_Name: Prefab Launcher (RC)
  m_TagString: Untagged
  m_Icon: {fileID: 0}
  m_NavMeshLayer: 0
  m_StaticEditorFlags: 0
  m_IsActive: 0
--- !u!114 &125612251
MonoBehaviour:
  m_ObjectHideFlags: 0
  m_CorrespondingSourceObject: {fileID: 0}
  m_PrefabInstance: {fileID: 0}
  m_PrefabAsset: {fileID: 0}
  m_GameObject: {fileID: 125612250}
  m_Enabled: 1
  m_EditorHideFlags: 0
  m_Script: {fileID: 11500000, guid: d0f5730755a542768d4a7bb04ce41062, type: 3}
  m_Name: 
  m_EditorClassIdentifier: 
  m_Interval: 1.2
  m_PrefabToBeLaunched: {fileID: 1144387489532009694, guid: fc18f3383c2494549b6686fa85fc5774, type: 3}
  m_Power: 10
--- !u!4 &125612252
Transform:
  m_ObjectHideFlags: 0
  m_CorrespondingSourceObject: {fileID: 0}
  m_PrefabInstance: {fileID: 0}
  m_PrefabAsset: {fileID: 0}
  m_GameObject: {fileID: 125612250}
  serializedVersion: 2
  m_LocalRotation: {x: -0.3516659, y: -0, z: -0, w: 0.93612564}
  m_LocalPosition: {x: 2, y: 0, z: -4.58}
  m_LocalScale: {x: 1, y: 1, z: 1}
  m_ConstrainProportionsScale: 0
  m_Children: []
  m_Father: {fileID: 0}
  m_LocalEulerAnglesHint: {x: -41.179, y: 0, z: 0}
--- !u!1001 &302221045
PrefabInstance:
  m_ObjectHideFlags: 0
  serializedVersion: 2
  m_Modification:
    serializedVersion: 3
    m_TransformParent: {fileID: 0}
    m_Modifications:
    - target: {fileID: 617019500820798635, guid: 0bafe9eea277b664db43e9ebe2e5cb3c, type: 3}
      propertyPath: m_LocalPosition.x
      value: 8.16
      objectReference: {fileID: 0}
    - target: {fileID: 617019500820798635, guid: 0bafe9eea277b664db43e9ebe2e5cb3c, type: 3}
      propertyPath: m_LocalPosition.y
      value: 0.5
      objectReference: {fileID: 0}
    - target: {fileID: 617019500820798635, guid: 0bafe9eea277b664db43e9ebe2e5cb3c, type: 3}
      propertyPath: m_LocalPosition.z
      value: -3.72
      objectReference: {fileID: 0}
    - target: {fileID: 617019500820798635, guid: 0bafe9eea277b664db43e9ebe2e5cb3c, type: 3}
      propertyPath: m_LocalRotation.w
      value: 0.7071068
      objectReference: {fileID: 0}
    - target: {fileID: 617019500820798635, guid: 0bafe9eea277b664db43e9ebe2e5cb3c, type: 3}
      propertyPath: m_LocalRotation.x
      value: 0.7071068
      objectReference: {fileID: 0}
    - target: {fileID: 617019500820798635, guid: 0bafe9eea277b664db43e9ebe2e5cb3c, type: 3}
      propertyPath: m_LocalRotation.y
      value: 0
      objectReference: {fileID: 0}
    - target: {fileID: 617019500820798635, guid: 0bafe9eea277b664db43e9ebe2e5cb3c, type: 3}
      propertyPath: m_LocalRotation.z
      value: 0
      objectReference: {fileID: 0}
    - target: {fileID: 617019500820798635, guid: 0bafe9eea277b664db43e9ebe2e5cb3c, type: 3}
      propertyPath: m_LocalEulerAnglesHint.x
      value: 90
      objectReference: {fileID: 0}
    - target: {fileID: 617019500820798635, guid: 0bafe9eea277b664db43e9ebe2e5cb3c, type: 3}
      propertyPath: m_LocalEulerAnglesHint.y
      value: 0
      objectReference: {fileID: 0}
    - target: {fileID: 617019500820798635, guid: 0bafe9eea277b664db43e9ebe2e5cb3c, type: 3}
      propertyPath: m_LocalEulerAnglesHint.z
      value: 0
      objectReference: {fileID: 0}
    - target: {fileID: 8690578898723571531, guid: 0bafe9eea277b664db43e9ebe2e5cb3c, type: 3}
      propertyPath: m_Name
      value: Coin Item (8)
      objectReference: {fileID: 0}
    - target: {fileID: 8690578898723571531, guid: 0bafe9eea277b664db43e9ebe2e5cb3c, type: 3}
      propertyPath: m_IsActive
      value: 0
      objectReference: {fileID: 0}
    m_RemovedComponents: []
    m_RemovedGameObjects: []
    m_AddedGameObjects: []
    m_AddedComponents: []
  m_SourcePrefab: {fileID: 100100000, guid: 0bafe9eea277b664db43e9ebe2e5cb3c, type: 3}
--- !u!1001 &331019853
PrefabInstance:
  m_ObjectHideFlags: 0
  serializedVersion: 2
  m_Modification:
    serializedVersion: 3
    m_TransformParent: {fileID: 0}
    m_Modifications:
    - target: {fileID: 7207039969007425958, guid: 05543ee4d25f75a4bb6003e24ba658d8, type: 3}
      propertyPath: m_Name
      value: mushroom
      objectReference: {fileID: 0}
    - target: {fileID: 7207039969007425958, guid: 05543ee4d25f75a4bb6003e24ba658d8, type: 3}
      propertyPath: m_IsActive
      value: 0
      objectReference: {fileID: 0}
    - target: {fileID: 7207039969007584646, guid: 05543ee4d25f75a4bb6003e24ba658d8, type: 3}
      propertyPath: m_LocalPosition.x
      value: -1.54
      objectReference: {fileID: 0}
    - target: {fileID: 7207039969007584646, guid: 05543ee4d25f75a4bb6003e24ba658d8, type: 3}
      propertyPath: m_LocalPosition.y
      value: 0.5
      objectReference: {fileID: 0}
    - target: {fileID: 7207039969007584646, guid: 05543ee4d25f75a4bb6003e24ba658d8, type: 3}
      propertyPath: m_LocalPosition.z
      value: 4.15
      objectReference: {fileID: 0}
    - target: {fileID: 7207039969007584646, guid: 05543ee4d25f75a4bb6003e24ba658d8, type: 3}
      propertyPath: m_LocalRotation.w
      value: 0.0000000754979
      objectReference: {fileID: 0}
    - target: {fileID: 7207039969007584646, guid: 05543ee4d25f75a4bb6003e24ba658d8, type: 3}
      propertyPath: m_LocalRotation.x
      value: 1.7112914e-15
      objectReference: {fileID: 0}
    - target: {fileID: 7207039969007584646, guid: 05543ee4d25f75a4bb6003e24ba658d8, type: 3}
      propertyPath: m_LocalRotation.y
      value: 1
      objectReference: {fileID: 0}
    - target: {fileID: 7207039969007584646, guid: 05543ee4d25f75a4bb6003e24ba658d8, type: 3}
      propertyPath: m_LocalRotation.z
      value: -0.000000021855694
      objectReference: {fileID: 0}
    - target: {fileID: 7207039969007584646, guid: 05543ee4d25f75a4bb6003e24ba658d8, type: 3}
      propertyPath: m_LocalEulerAnglesHint.x
      value: 0
      objectReference: {fileID: 0}
    - target: {fileID: 7207039969007584646, guid: 05543ee4d25f75a4bb6003e24ba658d8, type: 3}
      propertyPath: m_LocalEulerAnglesHint.y
      value: 0
      objectReference: {fileID: 0}
    - target: {fileID: 7207039969007584646, guid: 05543ee4d25f75a4bb6003e24ba658d8, type: 3}
      propertyPath: m_LocalEulerAnglesHint.z
      value: 0
      objectReference: {fileID: 0}
    m_RemovedComponents: []
    m_RemovedGameObjects: []
    m_AddedGameObjects: []
    m_AddedComponents: []
  m_SourcePrefab: {fileID: 100100000, guid: 05543ee4d25f75a4bb6003e24ba658d8, type: 3}
--- !u!1 &416641383
GameObject:
  m_ObjectHideFlags: 3
  m_CorrespondingSourceObject: {fileID: 0}
  m_PrefabInstance: {fileID: 0}
  m_PrefabAsset: {fileID: 0}
  serializedVersion: 6
  m_Component:
  - component: {fileID: 416641384}
  - component: {fileID: 416641387}
  - component: {fileID: 416641386}
  - component: {fileID: 416641385}
  m_Layer: 0
  m_Name: cm
  m_TagString: Untagged
  m_Icon: {fileID: 0}
  m_NavMeshLayer: 0
  m_StaticEditorFlags: 0
  m_IsActive: 1
--- !u!4 &416641384
Transform:
  m_ObjectHideFlags: 3
  m_CorrespondingSourceObject: {fileID: 0}
  m_PrefabInstance: {fileID: 0}
  m_PrefabAsset: {fileID: 0}
  m_GameObject: {fileID: 416641383}
  serializedVersion: 2
  m_LocalRotation: {x: -0, y: -0, z: -0, w: 1}
  m_LocalPosition: {x: 0, y: 0, z: 0}
  m_LocalScale: {x: 1, y: 1, z: 1}
  m_ConstrainProportionsScale: 0
  m_Children: []
  m_Father: {fileID: 1161247084}
  m_LocalEulerAnglesHint: {x: 0, y: 0, z: 0}
--- !u!114 &416641385
MonoBehaviour:
  m_ObjectHideFlags: 3
  m_CorrespondingSourceObject: {fileID: 0}
  m_PrefabInstance: {fileID: 0}
  m_PrefabAsset: {fileID: 0}
  m_GameObject: {fileID: 416641383}
  m_Enabled: 1
  m_EditorHideFlags: 0
  m_Script: {fileID: 11500000, guid: fa7155796051b734daa718462081dc5f, type: 3}
  m_Name: 
  m_EditorClassIdentifier: 
  m_BindingMode: 4
  m_FollowOffset: {x: 0, y: 0, z: -10}
  m_XDamping: 1
  m_YDamping: 1
  m_ZDamping: 1
  m_AngularDampingMode: 0
  m_PitchDamping: 0
  m_YawDamping: 0
  m_RollDamping: 0
  m_AngularDamping: 0
--- !u!114 &416641386
MonoBehaviour:
  m_ObjectHideFlags: 3
  m_CorrespondingSourceObject: {fileID: 0}
  m_PrefabInstance: {fileID: 0}
  m_PrefabAsset: {fileID: 0}
  m_GameObject: {fileID: 416641383}
  m_Enabled: 1
  m_EditorHideFlags: 0
  m_Script: {fileID: 11500000, guid: f4044717213e31446939f7bd49c896ea, type: 3}
  m_Name: 
  m_EditorClassIdentifier: 
  m_TrackedObjectOffset: {x: 0, y: 0, z: 0}
  m_LookaheadTime: 0
  m_LookaheadSmoothing: 0
  m_LookaheadIgnoreY: 0
  m_HorizontalDamping: 0.5
  m_VerticalDamping: 0.5
  m_ScreenX: 0.5
  m_ScreenY: 0.5
  m_DeadZoneWidth: 0
  m_DeadZoneHeight: 0
  m_SoftZoneWidth: 0.8
  m_SoftZoneHeight: 0.8
  m_BiasX: 0
  m_BiasY: 0
  m_CenterOnActivate: 1
--- !u!114 &416641387
MonoBehaviour:
  m_ObjectHideFlags: 3
  m_CorrespondingSourceObject: {fileID: 0}
  m_PrefabInstance: {fileID: 0}
  m_PrefabAsset: {fileID: 0}
  m_GameObject: {fileID: 416641383}
  m_Enabled: 1
  m_EditorHideFlags: 0
  m_Script: {fileID: 11500000, guid: ac0b09e7857660247b1477e93731de29, type: 3}
  m_Name: 
  m_EditorClassIdentifier: 
--- !u!1001 &494738681
PrefabInstance:
  m_ObjectHideFlags: 0
  serializedVersion: 2
  m_Modification:
    serializedVersion: 3
    m_TransformParent: {fileID: 0}
    m_Modifications:
    - target: {fileID: 7672498639288687000, guid: bc54ae06e04e6cd4080a25aa9e5af1ef, type: 3}
      propertyPath: m_LocalPosition.x
      value: -3.47
      objectReference: {fileID: 0}
    - target: {fileID: 7672498639288687000, guid: bc54ae06e04e6cd4080a25aa9e5af1ef, type: 3}
      propertyPath: m_LocalPosition.y
      value: 0.5
      objectReference: {fileID: 0}
    - target: {fileID: 7672498639288687000, guid: bc54ae06e04e6cd4080a25aa9e5af1ef, type: 3}
      propertyPath: m_LocalPosition.z
      value: 3.74
      objectReference: {fileID: 0}
    - target: {fileID: 7672498639288687000, guid: bc54ae06e04e6cd4080a25aa9e5af1ef, type: 3}
      propertyPath: m_LocalRotation.w
      value: 0.00000006962191
      objectReference: {fileID: 0}
    - target: {fileID: 7672498639288687000, guid: bc54ae06e04e6cd4080a25aa9e5af1ef, type: 3}
      propertyPath: m_LocalRotation.x
      value: -0.19944938
      objectReference: {fileID: 0}
    - target: {fileID: 7672498639288687000, guid: bc54ae06e04e6cd4080a25aa9e5af1ef, type: 3}
      propertyPath: m_LocalRotation.y
      value: 0.97990817
      objectReference: {fileID: 0}
    - target: {fileID: 7672498639288687000, guid: bc54ae06e04e6cd4080a25aa9e5af1ef, type: 3}
      propertyPath: m_LocalRotation.z
      value: -0.00000003647458
      objectReference: {fileID: 0}
    - target: {fileID: 7672498639288687000, guid: bc54ae06e04e6cd4080a25aa9e5af1ef, type: 3}
      propertyPath: m_LocalEulerAnglesHint.x
      value: 0
      objectReference: {fileID: 0}
    - target: {fileID: 7672498639288687000, guid: bc54ae06e04e6cd4080a25aa9e5af1ef, type: 3}
      propertyPath: m_LocalEulerAnglesHint.y
      value: 180
      objectReference: {fileID: 0}
    - target: {fileID: 7672498639288687000, guid: bc54ae06e04e6cd4080a25aa9e5af1ef, type: 3}
      propertyPath: m_LocalEulerAnglesHint.z
      value: -23.01
      objectReference: {fileID: 0}
    - target: {fileID: 7672498639289173432, guid: bc54ae06e04e6cd4080a25aa9e5af1ef, type: 3}
      propertyPath: m_Name
      value: candy
      objectReference: {fileID: 0}
    - target: {fileID: 7672498639289173432, guid: bc54ae06e04e6cd4080a25aa9e5af1ef, type: 3}
      propertyPath: m_IsActive
      value: 0
      objectReference: {fileID: 0}
    m_RemovedComponents: []
    m_RemovedGameObjects: []
    m_AddedGameObjects: []
    m_AddedComponents: []
  m_SourcePrefab: {fileID: 100100000, guid: bc54ae06e04e6cd4080a25aa9e5af1ef, type: 3}
--- !u!1001 &547303817
PrefabInstance:
  m_ObjectHideFlags: 0
  serializedVersion: 2
  m_Modification:
    serializedVersion: 3
    m_TransformParent: {fileID: 0}
    m_Modifications:
    - target: {fileID: 617019500820798635, guid: 0bafe9eea277b664db43e9ebe2e5cb3c, type: 3}
      propertyPath: m_LocalPosition.x
      value: 3.86
      objectReference: {fileID: 0}
    - target: {fileID: 617019500820798635, guid: 0bafe9eea277b664db43e9ebe2e5cb3c, type: 3}
      propertyPath: m_LocalPosition.y
      value: 0.5
      objectReference: {fileID: 0}
    - target: {fileID: 617019500820798635, guid: 0bafe9eea277b664db43e9ebe2e5cb3c, type: 3}
      propertyPath: m_LocalPosition.z
      value: -3.71
      objectReference: {fileID: 0}
    - target: {fileID: 617019500820798635, guid: 0bafe9eea277b664db43e9ebe2e5cb3c, type: 3}
      propertyPath: m_LocalRotation.w
      value: 0.7071068
      objectReference: {fileID: 0}
    - target: {fileID: 617019500820798635, guid: 0bafe9eea277b664db43e9ebe2e5cb3c, type: 3}
      propertyPath: m_LocalRotation.x
      value: 0.7071068
      objectReference: {fileID: 0}
    - target: {fileID: 617019500820798635, guid: 0bafe9eea277b664db43e9ebe2e5cb3c, type: 3}
      propertyPath: m_LocalRotation.y
      value: 0
      objectReference: {fileID: 0}
    - target: {fileID: 617019500820798635, guid: 0bafe9eea277b664db43e9ebe2e5cb3c, type: 3}
      propertyPath: m_LocalRotation.z
      value: 0
      objectReference: {fileID: 0}
    - target: {fileID: 617019500820798635, guid: 0bafe9eea277b664db43e9ebe2e5cb3c, type: 3}
      propertyPath: m_LocalEulerAnglesHint.x
      value: 90
      objectReference: {fileID: 0}
    - target: {fileID: 617019500820798635, guid: 0bafe9eea277b664db43e9ebe2e5cb3c, type: 3}
      propertyPath: m_LocalEulerAnglesHint.y
      value: 0
      objectReference: {fileID: 0}
    - target: {fileID: 617019500820798635, guid: 0bafe9eea277b664db43e9ebe2e5cb3c, type: 3}
      propertyPath: m_LocalEulerAnglesHint.z
      value: 0
      objectReference: {fileID: 0}
    - target: {fileID: 8690578898723571531, guid: 0bafe9eea277b664db43e9ebe2e5cb3c, type: 3}
      propertyPath: m_Name
      value: Coin Item (9)
      objectReference: {fileID: 0}
    - target: {fileID: 8690578898723571531, guid: 0bafe9eea277b664db43e9ebe2e5cb3c, type: 3}
      propertyPath: m_IsActive
      value: 0
      objectReference: {fileID: 0}
    m_RemovedComponents: []
    m_RemovedGameObjects: []
    m_AddedGameObjects: []
    m_AddedComponents: []
  m_SourcePrefab: {fileID: 100100000, guid: 0bafe9eea277b664db43e9ebe2e5cb3c, type: 3}
--- !u!1001 &593866248
PrefabInstance:
  m_ObjectHideFlags: 0
  serializedVersion: 2
  m_Modification:
    serializedVersion: 3
    m_TransformParent: {fileID: 0}
    m_Modifications:
    - target: {fileID: 617019500820798635, guid: 0bafe9eea277b664db43e9ebe2e5cb3c, type: 3}
      propertyPath: m_LocalPosition.x
      value: 10
      objectReference: {fileID: 0}
    - target: {fileID: 617019500820798635, guid: 0bafe9eea277b664db43e9ebe2e5cb3c, type: 3}
      propertyPath: m_LocalPosition.y
      value: 0.5
      objectReference: {fileID: 0}
    - target: {fileID: 617019500820798635, guid: 0bafe9eea277b664db43e9ebe2e5cb3c, type: 3}
      propertyPath: m_LocalPosition.z
      value: 4.04
      objectReference: {fileID: 0}
    - target: {fileID: 617019500820798635, guid: 0bafe9eea277b664db43e9ebe2e5cb3c, type: 3}
      propertyPath: m_LocalRotation.w
      value: 0.7071068
      objectReference: {fileID: 0}
    - target: {fileID: 617019500820798635, guid: 0bafe9eea277b664db43e9ebe2e5cb3c, type: 3}
      propertyPath: m_LocalRotation.x
      value: 0.7071068
      objectReference: {fileID: 0}
    - target: {fileID: 617019500820798635, guid: 0bafe9eea277b664db43e9ebe2e5cb3c, type: 3}
      propertyPath: m_LocalRotation.y
      value: 0
      objectReference: {fileID: 0}
    - target: {fileID: 617019500820798635, guid: 0bafe9eea277b664db43e9ebe2e5cb3c, type: 3}
      propertyPath: m_LocalRotation.z
      value: 0
      objectReference: {fileID: 0}
    - target: {fileID: 617019500820798635, guid: 0bafe9eea277b664db43e9ebe2e5cb3c, type: 3}
      propertyPath: m_LocalEulerAnglesHint.x
      value: 90
      objectReference: {fileID: 0}
    - target: {fileID: 617019500820798635, guid: 0bafe9eea277b664db43e9ebe2e5cb3c, type: 3}
      propertyPath: m_LocalEulerAnglesHint.y
      value: 0
      objectReference: {fileID: 0}
    - target: {fileID: 617019500820798635, guid: 0bafe9eea277b664db43e9ebe2e5cb3c, type: 3}
      propertyPath: m_LocalEulerAnglesHint.z
      value: 0
      objectReference: {fileID: 0}
    - target: {fileID: 8690578898723571531, guid: 0bafe9eea277b664db43e9ebe2e5cb3c, type: 3}
      propertyPath: m_Name
      value: Coin Item (1)
      objectReference: {fileID: 0}
    - target: {fileID: 8690578898723571531, guid: 0bafe9eea277b664db43e9ebe2e5cb3c, type: 3}
      propertyPath: m_IsActive
      value: 0
      objectReference: {fileID: 0}
    m_RemovedComponents: []
    m_RemovedGameObjects: []
    m_AddedGameObjects: []
    m_AddedComponents: []
  m_SourcePrefab: {fileID: 100100000, guid: 0bafe9eea277b664db43e9ebe2e5cb3c, type: 3}
--- !u!1001 &602311484
PrefabInstance:
  m_ObjectHideFlags: 0
  serializedVersion: 2
  m_Modification:
    serializedVersion: 3
    m_TransformParent: {fileID: 0}
    m_Modifications:
    - target: {fileID: 617019500820798635, guid: 0bafe9eea277b664db43e9ebe2e5cb3c, type: 3}
      propertyPath: m_LocalPosition.x
      value: 5.62
      objectReference: {fileID: 0}
    - target: {fileID: 617019500820798635, guid: 0bafe9eea277b664db43e9ebe2e5cb3c, type: 3}
      propertyPath: m_LocalPosition.y
      value: 0.5
      objectReference: {fileID: 0}
    - target: {fileID: 617019500820798635, guid: 0bafe9eea277b664db43e9ebe2e5cb3c, type: 3}
      propertyPath: m_LocalPosition.z
      value: 1.89
      objectReference: {fileID: 0}
    - target: {fileID: 617019500820798635, guid: 0bafe9eea277b664db43e9ebe2e5cb3c, type: 3}
      propertyPath: m_LocalRotation.w
      value: 0.7071068
      objectReference: {fileID: 0}
    - target: {fileID: 617019500820798635, guid: 0bafe9eea277b664db43e9ebe2e5cb3c, type: 3}
      propertyPath: m_LocalRotation.x
      value: 0.7071068
      objectReference: {fileID: 0}
    - target: {fileID: 617019500820798635, guid: 0bafe9eea277b664db43e9ebe2e5cb3c, type: 3}
      propertyPath: m_LocalRotation.y
      value: 0
      objectReference: {fileID: 0}
    - target: {fileID: 617019500820798635, guid: 0bafe9eea277b664db43e9ebe2e5cb3c, type: 3}
      propertyPath: m_LocalRotation.z
      value: 0
      objectReference: {fileID: 0}
    - target: {fileID: 617019500820798635, guid: 0bafe9eea277b664db43e9ebe2e5cb3c, type: 3}
      propertyPath: m_LocalEulerAnglesHint.x
      value: 90
      objectReference: {fileID: 0}
    - target: {fileID: 617019500820798635, guid: 0bafe9eea277b664db43e9ebe2e5cb3c, type: 3}
      propertyPath: m_LocalEulerAnglesHint.y
      value: 0
      objectReference: {fileID: 0}
    - target: {fileID: 617019500820798635, guid: 0bafe9eea277b664db43e9ebe2e5cb3c, type: 3}
      propertyPath: m_LocalEulerAnglesHint.z
      value: 0
      objectReference: {fileID: 0}
    - target: {fileID: 8690578898723571531, guid: 0bafe9eea277b664db43e9ebe2e5cb3c, type: 3}
      propertyPath: m_Name
      value: Coin Item (4)
      objectReference: {fileID: 0}
    - target: {fileID: 8690578898723571531, guid: 0bafe9eea277b664db43e9ebe2e5cb3c, type: 3}
      propertyPath: m_IsActive
      value: 0
      objectReference: {fileID: 0}
    m_RemovedComponents: []
    m_RemovedGameObjects: []
    m_AddedGameObjects: []
    m_AddedComponents: []
  m_SourcePrefab: {fileID: 100100000, guid: 0bafe9eea277b664db43e9ebe2e5cb3c, type: 3}
--- !u!1001 &696658788
PrefabInstance:
  m_ObjectHideFlags: 0
  serializedVersion: 2
  m_Modification:
    serializedVersion: 3
    m_TransformParent: {fileID: 0}
    m_Modifications:
    - target: {fileID: 617019500820798635, guid: 0bafe9eea277b664db43e9ebe2e5cb3c, type: 3}
      propertyPath: m_LocalPosition.x
      value: 6.59
      objectReference: {fileID: 0}
    - target: {fileID: 617019500820798635, guid: 0bafe9eea277b664db43e9ebe2e5cb3c, type: 3}
      propertyPath: m_LocalPosition.y
      value: 0.5
      objectReference: {fileID: 0}
    - target: {fileID: 617019500820798635, guid: 0bafe9eea277b664db43e9ebe2e5cb3c, type: 3}
      propertyPath: m_LocalPosition.z
      value: 5.88
      objectReference: {fileID: 0}
    - target: {fileID: 617019500820798635, guid: 0bafe9eea277b664db43e9ebe2e5cb3c, type: 3}
      propertyPath: m_LocalRotation.w
      value: 0.7071068
      objectReference: {fileID: 0}
    - target: {fileID: 617019500820798635, guid: 0bafe9eea277b664db43e9ebe2e5cb3c, type: 3}
      propertyPath: m_LocalRotation.x
      value: 0.7071068
      objectReference: {fileID: 0}
    - target: {fileID: 617019500820798635, guid: 0bafe9eea277b664db43e9ebe2e5cb3c, type: 3}
      propertyPath: m_LocalRotation.y
      value: 0
      objectReference: {fileID: 0}
    - target: {fileID: 617019500820798635, guid: 0bafe9eea277b664db43e9ebe2e5cb3c, type: 3}
      propertyPath: m_LocalRotation.z
      value: 0
      objectReference: {fileID: 0}
    - target: {fileID: 617019500820798635, guid: 0bafe9eea277b664db43e9ebe2e5cb3c, type: 3}
      propertyPath: m_LocalEulerAnglesHint.x
      value: 90
      objectReference: {fileID: 0}
    - target: {fileID: 617019500820798635, guid: 0bafe9eea277b664db43e9ebe2e5cb3c, type: 3}
      propertyPath: m_LocalEulerAnglesHint.y
      value: 0
      objectReference: {fileID: 0}
    - target: {fileID: 617019500820798635, guid: 0bafe9eea277b664db43e9ebe2e5cb3c, type: 3}
      propertyPath: m_LocalEulerAnglesHint.z
      value: 0
      objectReference: {fileID: 0}
    - target: {fileID: 8690578898723571531, guid: 0bafe9eea277b664db43e9ebe2e5cb3c, type: 3}
      propertyPath: m_Name
      value: Coin Item (3)
      objectReference: {fileID: 0}
    - target: {fileID: 8690578898723571531, guid: 0bafe9eea277b664db43e9ebe2e5cb3c, type: 3}
      propertyPath: m_IsActive
      value: 0
      objectReference: {fileID: 0}
    m_RemovedComponents: []
    m_RemovedGameObjects: []
    m_AddedGameObjects: []
    m_AddedComponents: []
  m_SourcePrefab: {fileID: 100100000, guid: 0bafe9eea277b664db43e9ebe2e5cb3c, type: 3}
--- !u!1001 &723366542
PrefabInstance:
  m_ObjectHideFlags: 0
  serializedVersion: 2
  m_Modification:
    serializedVersion: 3
    m_TransformParent: {fileID: 0}
    m_Modifications:
    - target: {fileID: 2061667387360071918, guid: 5719de8f332309c4a98f937e24ae07ad, type: 3}
      propertyPath: m_LocalPosition.x
      value: -10
      objectReference: {fileID: 0}
    - target: {fileID: 2061667387360071918, guid: 5719de8f332309c4a98f937e24ae07ad, type: 3}
      propertyPath: m_LocalPosition.y
      value: 0.5
      objectReference: {fileID: 0}
    - target: {fileID: 2061667387360071918, guid: 5719de8f332309c4a98f937e24ae07ad, type: 3}
      propertyPath: m_LocalPosition.z
      value: 8.39
      objectReference: {fileID: 0}
    - target: {fileID: 2061667387360071918, guid: 5719de8f332309c4a98f937e24ae07ad, type: 3}
      propertyPath: m_LocalRotation.w
      value: 0.92387956
      objectReference: {fileID: 0}
    - target: {fileID: 2061667387360071918, guid: 5719de8f332309c4a98f937e24ae07ad, type: 3}
      propertyPath: m_LocalRotation.x
      value: 0
      objectReference: {fileID: 0}
    - target: {fileID: 2061667387360071918, guid: 5719de8f332309c4a98f937e24ae07ad, type: 3}
      propertyPath: m_LocalRotation.y
      value: 0
      objectReference: {fileID: 0}
    - target: {fileID: 2061667387360071918, guid: 5719de8f332309c4a98f937e24ae07ad, type: 3}
      propertyPath: m_LocalRotation.z
      value: 0.38268343
      objectReference: {fileID: 0}
    - target: {fileID: 2061667387360071918, guid: 5719de8f332309c4a98f937e24ae07ad, type: 3}
      propertyPath: m_LocalEulerAnglesHint.x
      value: 0
      objectReference: {fileID: 0}
    - target: {fileID: 2061667387360071918, guid: 5719de8f332309c4a98f937e24ae07ad, type: 3}
      propertyPath: m_LocalEulerAnglesHint.y
      value: 0
      objectReference: {fileID: 0}
    - target: {fileID: 2061667387360071918, guid: 5719de8f332309c4a98f937e24ae07ad, type: 3}
      propertyPath: m_LocalEulerAnglesHint.z
      value: 45
      objectReference: {fileID: 0}
    - target: {fileID: 4672017101998907690, guid: 5719de8f332309c4a98f937e24ae07ad, type: 3}
      propertyPath: m_Name
      value: Diamond Item (2)
      objectReference: {fileID: 0}
    - target: {fileID: 4672017101998907690, guid: 5719de8f332309c4a98f937e24ae07ad, type: 3}
      propertyPath: m_IsActive
      value: 0
      objectReference: {fileID: 0}
    m_RemovedComponents: []
    m_RemovedGameObjects: []
    m_AddedGameObjects: []
    m_AddedComponents: []
  m_SourcePrefab: {fileID: 100100000, guid: 5719de8f332309c4a98f937e24ae07ad, type: 3}
--- !u!1001 &738770645
PrefabInstance:
  m_ObjectHideFlags: 0
  serializedVersion: 2
  m_Modification:
    serializedVersion: 3
    m_TransformParent: {fileID: 0}
    m_Modifications:
    - target: {fileID: 2061667387360071918, guid: 5719de8f332309c4a98f937e24ae07ad, type: 3}
      propertyPath: m_LocalPosition.x
      value: -7.3
      objectReference: {fileID: 0}
    - target: {fileID: 2061667387360071918, guid: 5719de8f332309c4a98f937e24ae07ad, type: 3}
      propertyPath: m_LocalPosition.y
      value: 0.5
      objectReference: {fileID: 0}
    - target: {fileID: 2061667387360071918, guid: 5719de8f332309c4a98f937e24ae07ad, type: 3}
      propertyPath: m_LocalPosition.z
      value: -2.66
      objectReference: {fileID: 0}
    - target: {fileID: 2061667387360071918, guid: 5719de8f332309c4a98f937e24ae07ad, type: 3}
      propertyPath: m_LocalRotation.w
      value: 0.92387956
      objectReference: {fileID: 0}
    - target: {fileID: 2061667387360071918, guid: 5719de8f332309c4a98f937e24ae07ad, type: 3}
      propertyPath: m_LocalRotation.x
      value: 0
      objectReference: {fileID: 0}
    - target: {fileID: 2061667387360071918, guid: 5719de8f332309c4a98f937e24ae07ad, type: 3}
      propertyPath: m_LocalRotation.y
      value: 0
      objectReference: {fileID: 0}
    - target: {fileID: 2061667387360071918, guid: 5719de8f332309c4a98f937e24ae07ad, type: 3}
      propertyPath: m_LocalRotation.z
      value: 0.38268343
      objectReference: {fileID: 0}
    - target: {fileID: 2061667387360071918, guid: 5719de8f332309c4a98f937e24ae07ad, type: 3}
      propertyPath: m_LocalEulerAnglesHint.x
      value: 0
      objectReference: {fileID: 0}
    - target: {fileID: 2061667387360071918, guid: 5719de8f332309c4a98f937e24ae07ad, type: 3}
      propertyPath: m_LocalEulerAnglesHint.y
      value: 0
      objectReference: {fileID: 0}
    - target: {fileID: 2061667387360071918, guid: 5719de8f332309c4a98f937e24ae07ad, type: 3}
      propertyPath: m_LocalEulerAnglesHint.z
      value: 45
      objectReference: {fileID: 0}
    - target: {fileID: 4672017101998907690, guid: 5719de8f332309c4a98f937e24ae07ad, type: 3}
      propertyPath: m_Name
      value: Diamond Item (9)
      objectReference: {fileID: 0}
    - target: {fileID: 4672017101998907690, guid: 5719de8f332309c4a98f937e24ae07ad, type: 3}
      propertyPath: m_IsActive
      value: 0
      objectReference: {fileID: 0}
    m_RemovedComponents: []
    m_RemovedGameObjects: []
    m_AddedGameObjects: []
    m_AddedComponents: []
  m_SourcePrefab: {fileID: 100100000, guid: 5719de8f332309c4a98f937e24ae07ad, type: 3}
--- !u!1001 &769426524
PrefabInstance:
  m_ObjectHideFlags: 0
  serializedVersion: 2
  m_Modification:
    serializedVersion: 3
    m_TransformParent: {fileID: 0}
    m_Modifications:
    - target: {fileID: 617019500820798635, guid: 0bafe9eea277b664db43e9ebe2e5cb3c, type: 3}
      propertyPath: m_LocalPosition.x
      value: 3.41
      objectReference: {fileID: 0}
    - target: {fileID: 617019500820798635, guid: 0bafe9eea277b664db43e9ebe2e5cb3c, type: 3}
      propertyPath: m_LocalPosition.y
      value: 0.5
      objectReference: {fileID: 0}
    - target: {fileID: 617019500820798635, guid: 0bafe9eea277b664db43e9ebe2e5cb3c, type: 3}
      propertyPath: m_LocalPosition.z
      value: 6.16
      objectReference: {fileID: 0}
    - target: {fileID: 617019500820798635, guid: 0bafe9eea277b664db43e9ebe2e5cb3c, type: 3}
      propertyPath: m_LocalRotation.w
      value: 0.7071068
      objectReference: {fileID: 0}
    - target: {fileID: 617019500820798635, guid: 0bafe9eea277b664db43e9ebe2e5cb3c, type: 3}
      propertyPath: m_LocalRotation.x
      value: 0.7071068
      objectReference: {fileID: 0}
    - target: {fileID: 617019500820798635, guid: 0bafe9eea277b664db43e9ebe2e5cb3c, type: 3}
      propertyPath: m_LocalRotation.y
      value: 0
      objectReference: {fileID: 0}
    - target: {fileID: 617019500820798635, guid: 0bafe9eea277b664db43e9ebe2e5cb3c, type: 3}
      propertyPath: m_LocalRotation.z
      value: 0
      objectReference: {fileID: 0}
    - target: {fileID: 617019500820798635, guid: 0bafe9eea277b664db43e9ebe2e5cb3c, type: 3}
      propertyPath: m_LocalEulerAnglesHint.x
      value: 90
      objectReference: {fileID: 0}
    - target: {fileID: 617019500820798635, guid: 0bafe9eea277b664db43e9ebe2e5cb3c, type: 3}
      propertyPath: m_LocalEulerAnglesHint.y
      value: 0
      objectReference: {fileID: 0}
    - target: {fileID: 617019500820798635, guid: 0bafe9eea277b664db43e9ebe2e5cb3c, type: 3}
      propertyPath: m_LocalEulerAnglesHint.z
      value: 0
      objectReference: {fileID: 0}
    - target: {fileID: 8690578898723571531, guid: 0bafe9eea277b664db43e9ebe2e5cb3c, type: 3}
      propertyPath: m_Name
      value: Coin Item (5)
      objectReference: {fileID: 0}
    - target: {fileID: 8690578898723571531, guid: 0bafe9eea277b664db43e9ebe2e5cb3c, type: 3}
      propertyPath: m_IsActive
      value: 0
      objectReference: {fileID: 0}
    m_RemovedComponents: []
    m_RemovedGameObjects: []
    m_AddedGameObjects: []
    m_AddedComponents: []
  m_SourcePrefab: {fileID: 100100000, guid: 0bafe9eea277b664db43e9ebe2e5cb3c, type: 3}
--- !u!1 &803229545 stripped
GameObject:
  m_CorrespondingSourceObject: {fileID: 2009200519995587452, guid: eb03e0c631bdc0443a72ee8678451e74, type: 3}
  m_PrefabInstance: {fileID: 15019600}
  m_PrefabAsset: {fileID: 0}
--- !u!4 &803229546 stripped
Transform:
  m_CorrespondingSourceObject: {fileID: 2196527454842182896, guid: eb03e0c631bdc0443a72ee8678451e74, type: 3}
  m_PrefabInstance: {fileID: 15019600}
  m_PrefabAsset: {fileID: 0}
--- !u!114 &803229547
MonoBehaviour:
  m_ObjectHideFlags: 0
  m_CorrespondingSourceObject: {fileID: 0}
  m_PrefabInstance: {fileID: 0}
  m_PrefabAsset: {fileID: 0}
  m_GameObject: {fileID: 803229545}
  m_Enabled: 1
  m_EditorHideFlags: 0
  m_Script: {fileID: 11500000, guid: 80e689aee6685ed49b7e892373424ad6, type: 3}
  m_Name: 
  m_EditorClassIdentifier: 
  m_ItemInventory: []
--- !u!114 &803229555
MonoBehaviour:
  m_ObjectHideFlags: 0
  m_CorrespondingSourceObject: {fileID: 0}
  m_PrefabInstance: {fileID: 0}
  m_PrefabAsset: {fileID: 0}
  m_GameObject: {fileID: 803229545}
  m_Enabled: 1
  m_EditorHideFlags: 0
  m_Script: {fileID: 11500000, guid: 54be680779394eb2a88847ac38137d98, type: 3}
  m_Name: 
  m_EditorClassIdentifier: 
  m_HealthPoint: 100
--- !u!114 &803229556
MonoBehaviour:
  m_ObjectHideFlags: 0
  m_CorrespondingSourceObject: {fileID: 0}
  m_PrefabInstance: {fileID: 0}
  m_PrefabAsset: {fileID: 0}
  m_GameObject: {fileID: 803229545}
  m_Enabled: 1
  m_EditorHideFlags: 0
  m_Script: {fileID: 11500000, guid: 0920d66507b84d9582049a906c86886f, type: 3}
  m_Name: 
  m_EditorClassIdentifier: 
  player: {fileID: 803229545}
--- !u!1 &866889207
GameObject:
  m_ObjectHideFlags: 0
  m_CorrespondingSourceObject: {fileID: 0}
  m_PrefabInstance: {fileID: 0}
  m_PrefabAsset: {fileID: 0}
  serializedVersion: 6
  m_Component:
  - component: {fileID: 866889211}
  - component: {fileID: 866889210}
  - component: {fileID: 866889209}
  - component: {fileID: 866889208}
  m_Layer: 0
  m_Name: Plane-Playground
  m_TagString: Untagged
  m_Icon: {fileID: 0}
  m_NavMeshLayer: 0
  m_StaticEditorFlags: 0
  m_IsActive: 1
--- !u!64 &866889208
MeshCollider:
  m_ObjectHideFlags: 0
  m_CorrespondingSourceObject: {fileID: 0}
  m_PrefabInstance: {fileID: 0}
  m_PrefabAsset: {fileID: 0}
  m_GameObject: {fileID: 866889207}
  m_Material: {fileID: 0}
  m_IncludeLayers:
    serializedVersion: 2
    m_Bits: 0
  m_ExcludeLayers:
    serializedVersion: 2
    m_Bits: 0
  m_LayerOverridePriority: 0
  m_IsTrigger: 0
  m_ProvidesContacts: 0
  m_Enabled: 1
  serializedVersion: 5
  m_Convex: 0
  m_CookingOptions: 30
  m_Mesh: {fileID: 10209, guid: 0000000000000000e000000000000000, type: 0}
--- !u!23 &866889209
MeshRenderer:
  m_ObjectHideFlags: 0
  m_CorrespondingSourceObject: {fileID: 0}
  m_PrefabInstance: {fileID: 0}
  m_PrefabAsset: {fileID: 0}
  m_GameObject: {fileID: 866889207}
  m_Enabled: 1
  m_CastShadows: 1
  m_ReceiveShadows: 1
  m_DynamicOccludee: 1
  m_StaticShadowCaster: 0
  m_MotionVectors: 1
  m_LightProbeUsage: 1
  m_ReflectionProbeUsage: 1
  m_RayTracingMode: 2
  m_RayTraceProcedural: 0
  m_RenderingLayerMask: 1
  m_RendererPriority: 0
  m_Materials:
  - {fileID: 2100000, guid: e694ebb2ff6b5bf41b1a6b84da52150e, type: 2}
  m_StaticBatchInfo:
    firstSubMesh: 0
    subMeshCount: 0
  m_StaticBatchRoot: {fileID: 0}
  m_ProbeAnchor: {fileID: 0}
  m_LightProbeVolumeOverride: {fileID: 0}
  m_ScaleInLightmap: 1
  m_ReceiveGI: 1
  m_PreserveUVs: 0
  m_IgnoreNormalsForChartDetection: 0
  m_ImportantGI: 0
  m_StitchLightmapSeams: 1
  m_SelectedEditorRenderState: 3
  m_MinimumChartSize: 4
  m_AutoUVMaxDistance: 0.5
  m_AutoUVMaxAngle: 89
  m_LightmapParameters: {fileID: 0}
  m_SortingLayerID: 0
  m_SortingLayer: 0
  m_SortingOrder: 0
  m_AdditionalVertexStreams: {fileID: 0}
--- !u!33 &866889210
MeshFilter:
  m_ObjectHideFlags: 0
  m_CorrespondingSourceObject: {fileID: 0}
  m_PrefabInstance: {fileID: 0}
  m_PrefabAsset: {fileID: 0}
  m_GameObject: {fileID: 866889207}
  m_Mesh: {fileID: 10209, guid: 0000000000000000e000000000000000, type: 0}
--- !u!4 &866889211
Transform:
  m_ObjectHideFlags: 0
  m_CorrespondingSourceObject: {fileID: 0}
  m_PrefabInstance: {fileID: 0}
  m_PrefabAsset: {fileID: 0}
  m_GameObject: {fileID: 866889207}
  serializedVersion: 2
  m_LocalRotation: {x: 0, y: 0, z: 0, w: 1}
  m_LocalPosition: {x: 0, y: -0.5, z: 0}
  m_LocalScale: {x: 100, y: 1, z: 100}
  m_ConstrainProportionsScale: 0
  m_Children: []
  m_Father: {fileID: 0}
  m_LocalEulerAnglesHint: {x: 0, y: 0, z: 0}
--- !u!1001 &877489715
PrefabInstance:
  m_ObjectHideFlags: 0
  serializedVersion: 2
  m_Modification:
    serializedVersion: 3
    m_TransformParent: {fileID: 0}
    m_Modifications:
    - target: {fileID: 617019500820798635, guid: 0bafe9eea277b664db43e9ebe2e5cb3c, type: 3}
      propertyPath: m_LocalPosition.x
      value: 10
      objectReference: {fileID: 0}
    - target: {fileID: 617019500820798635, guid: 0bafe9eea277b664db43e9ebe2e5cb3c, type: 3}
      propertyPath: m_LocalPosition.y
      value: 0.5
      objectReference: {fileID: 0}
    - target: {fileID: 617019500820798635, guid: 0bafe9eea277b664db43e9ebe2e5cb3c, type: 3}
      propertyPath: m_LocalPosition.z
      value: 0
      objectReference: {fileID: 0}
    - target: {fileID: 617019500820798635, guid: 0bafe9eea277b664db43e9ebe2e5cb3c, type: 3}
      propertyPath: m_LocalRotation.w
      value: 0.7071068
      objectReference: {fileID: 0}
    - target: {fileID: 617019500820798635, guid: 0bafe9eea277b664db43e9ebe2e5cb3c, type: 3}
      propertyPath: m_LocalRotation.x
      value: 0.7071068
      objectReference: {fileID: 0}
    - target: {fileID: 617019500820798635, guid: 0bafe9eea277b664db43e9ebe2e5cb3c, type: 3}
      propertyPath: m_LocalRotation.y
      value: 0
      objectReference: {fileID: 0}
    - target: {fileID: 617019500820798635, guid: 0bafe9eea277b664db43e9ebe2e5cb3c, type: 3}
      propertyPath: m_LocalRotation.z
      value: 0
      objectReference: {fileID: 0}
    - target: {fileID: 617019500820798635, guid: 0bafe9eea277b664db43e9ebe2e5cb3c, type: 3}
      propertyPath: m_LocalEulerAnglesHint.x
      value: 90
      objectReference: {fileID: 0}
    - target: {fileID: 617019500820798635, guid: 0bafe9eea277b664db43e9ebe2e5cb3c, type: 3}
      propertyPath: m_LocalEulerAnglesHint.y
      value: 0
      objectReference: {fileID: 0}
    - target: {fileID: 617019500820798635, guid: 0bafe9eea277b664db43e9ebe2e5cb3c, type: 3}
      propertyPath: m_LocalEulerAnglesHint.z
      value: 0
      objectReference: {fileID: 0}
    - target: {fileID: 8690578898723571531, guid: 0bafe9eea277b664db43e9ebe2e5cb3c, type: 3}
      propertyPath: m_Name
      value: Coin Item
      objectReference: {fileID: 0}
    - target: {fileID: 8690578898723571531, guid: 0bafe9eea277b664db43e9ebe2e5cb3c, type: 3}
      propertyPath: m_IsActive
      value: 0
      objectReference: {fileID: 0}
    m_RemovedComponents: []
    m_RemovedGameObjects: []
    m_AddedGameObjects: []
    m_AddedComponents: []
  m_SourcePrefab: {fileID: 100100000, guid: 0bafe9eea277b664db43e9ebe2e5cb3c, type: 3}
--- !u!1001 &1053243698
PrefabInstance:
  m_ObjectHideFlags: 0
  serializedVersion: 2
  m_Modification:
    serializedVersion: 3
    m_TransformParent: {fileID: 0}
    m_Modifications:
    - target: {fileID: 2061667387360071918, guid: 5719de8f332309c4a98f937e24ae07ad, type: 3}
      propertyPath: m_LocalPosition.x
      value: -5.58
      objectReference: {fileID: 0}
    - target: {fileID: 2061667387360071918, guid: 5719de8f332309c4a98f937e24ae07ad, type: 3}
      propertyPath: m_LocalPosition.y
      value: 0.5
      objectReference: {fileID: 0}
    - target: {fileID: 2061667387360071918, guid: 5719de8f332309c4a98f937e24ae07ad, type: 3}
      propertyPath: m_LocalPosition.z
      value: 2.54
      objectReference: {fileID: 0}
    - target: {fileID: 2061667387360071918, guid: 5719de8f332309c4a98f937e24ae07ad, type: 3}
      propertyPath: m_LocalRotation.w
      value: 0.92387956
      objectReference: {fileID: 0}
    - target: {fileID: 2061667387360071918, guid: 5719de8f332309c4a98f937e24ae07ad, type: 3}
      propertyPath: m_LocalRotation.x
      value: 0
      objectReference: {fileID: 0}
    - target: {fileID: 2061667387360071918, guid: 5719de8f332309c4a98f937e24ae07ad, type: 3}
      propertyPath: m_LocalRotation.y
      value: 0
      objectReference: {fileID: 0}
    - target: {fileID: 2061667387360071918, guid: 5719de8f332309c4a98f937e24ae07ad, type: 3}
      propertyPath: m_LocalRotation.z
      value: 0.38268343
      objectReference: {fileID: 0}
    - target: {fileID: 2061667387360071918, guid: 5719de8f332309c4a98f937e24ae07ad, type: 3}
      propertyPath: m_LocalEulerAnglesHint.x
      value: 0
      objectReference: {fileID: 0}
    - target: {fileID: 2061667387360071918, guid: 5719de8f332309c4a98f937e24ae07ad, type: 3}
      propertyPath: m_LocalEulerAnglesHint.y
      value: 0
      objectReference: {fileID: 0}
    - target: {fileID: 2061667387360071918, guid: 5719de8f332309c4a98f937e24ae07ad, type: 3}
      propertyPath: m_LocalEulerAnglesHint.z
      value: 45
      objectReference: {fileID: 0}
    - target: {fileID: 4672017101998907690, guid: 5719de8f332309c4a98f937e24ae07ad, type: 3}
      propertyPath: m_Name
      value: Diamond Item (3)
      objectReference: {fileID: 0}
    - target: {fileID: 4672017101998907690, guid: 5719de8f332309c4a98f937e24ae07ad, type: 3}
      propertyPath: m_IsActive
      value: 0
      objectReference: {fileID: 0}
    m_RemovedComponents: []
    m_RemovedGameObjects: []
    m_AddedGameObjects: []
    m_AddedComponents: []
  m_SourcePrefab: {fileID: 100100000, guid: 5719de8f332309c4a98f937e24ae07ad, type: 3}
--- !u!1 &1161247082
GameObject:
  m_ObjectHideFlags: 0
  m_CorrespondingSourceObject: {fileID: 0}
  m_PrefabInstance: {fileID: 0}
  m_PrefabAsset: {fileID: 0}
  serializedVersion: 6
  m_Component:
  - component: {fileID: 1161247084}
  - component: {fileID: 1161247083}
  m_Layer: 0
  m_Name: CM vcam1
  m_TagString: Untagged
  m_Icon: {fileID: 0}
  m_NavMeshLayer: 0
  m_StaticEditorFlags: 0
  m_IsActive: 1
--- !u!114 &1161247083
MonoBehaviour:
  m_ObjectHideFlags: 0
  m_CorrespondingSourceObject: {fileID: 0}
  m_PrefabInstance: {fileID: 0}
  m_PrefabAsset: {fileID: 0}
  m_GameObject: {fileID: 1161247082}
  m_Enabled: 1
  m_EditorHideFlags: 0
  m_Script: {fileID: 11500000, guid: 45e653bab7fb20e499bda25e1b646fea, type: 3}
  m_Name: 
  m_EditorClassIdentifier: 
  m_ExcludedPropertiesInInspector:
  - m_Script
  m_LockStageInInspector: 
  m_StreamingVersion: 20170927
  m_Priority: 10
  m_StandbyUpdate: 2
  m_LookAt: {fileID: 803229546}
  m_Follow: {fileID: 803229546}
  m_Lens:
    FieldOfView: 60.000004
    OrthographicSize: 5
    NearClipPlane: 0.3
    FarClipPlane: 1000
    Dutch: 0
    ModeOverride: 0
    LensShift: {x: 0, y: 0}
    GateFit: 2
    FocusDistance: 10
    m_SensorSize: {x: 1, y: 1}
  m_Transitions:
    m_BlendHint: 0
    m_InheritPosition: 0
    m_OnCameraLive:
      m_PersistentCalls:
        m_Calls: []
  m_LegacyBlendHint: 0
  m_ComponentOwner: {fileID: 416641384}
--- !u!4 &1161247084
Transform:
  m_ObjectHideFlags: 0
  m_CorrespondingSourceObject: {fileID: 0}
  m_PrefabInstance: {fileID: 0}
  m_PrefabAsset: {fileID: 0}
  m_GameObject: {fileID: 1161247082}
  serializedVersion: 2
  m_LocalRotation: {x: -7.2965806e-16, y: 0.00000009578471, z: 6.9890085e-23, w: 1}
  m_LocalPosition: {x: 0, y: 0, z: -10}
  m_LocalScale: {x: 1, y: 1, z: 1}
  m_ConstrainProportionsScale: 0
  m_Children:
  - {fileID: 416641384}
  m_Father: {fileID: 0}
  m_LocalEulerAnglesHint: {x: 0, y: 0, z: 0}
--- !u!1001 &1474972487
PrefabInstance:
  m_ObjectHideFlags: 0
  serializedVersion: 2
  m_Modification:
    serializedVersion: 3
    m_TransformParent: {fileID: 0}
    m_Modifications:
    - target: {fileID: 2061667387360071918, guid: 5719de8f332309c4a98f937e24ae07ad, type: 3}
      propertyPath: m_LocalPosition.x
      value: -12.97
      objectReference: {fileID: 0}
    - target: {fileID: 2061667387360071918, guid: 5719de8f332309c4a98f937e24ae07ad, type: 3}
      propertyPath: m_LocalPosition.y
      value: 0.5
      objectReference: {fileID: 0}
    - target: {fileID: 2061667387360071918, guid: 5719de8f332309c4a98f937e24ae07ad, type: 3}
      propertyPath: m_LocalPosition.z
      value: 9.35
      objectReference: {fileID: 0}
    - target: {fileID: 2061667387360071918, guid: 5719de8f332309c4a98f937e24ae07ad, type: 3}
      propertyPath: m_LocalRotation.w
      value: 0.92387956
      objectReference: {fileID: 0}
    - target: {fileID: 2061667387360071918, guid: 5719de8f332309c4a98f937e24ae07ad, type: 3}
      propertyPath: m_LocalRotation.x
      value: 0
      objectReference: {fileID: 0}
    - target: {fileID: 2061667387360071918, guid: 5719de8f332309c4a98f937e24ae07ad, type: 3}
      propertyPath: m_LocalRotation.y
      value: 0
      objectReference: {fileID: 0}
    - target: {fileID: 2061667387360071918, guid: 5719de8f332309c4a98f937e24ae07ad, type: 3}
      propertyPath: m_LocalRotation.z
      value: 0.38268343
      objectReference: {fileID: 0}
    - target: {fileID: 2061667387360071918, guid: 5719de8f332309c4a98f937e24ae07ad, type: 3}
      propertyPath: m_LocalEulerAnglesHint.x
      value: 0
      objectReference: {fileID: 0}
    - target: {fileID: 2061667387360071918, guid: 5719de8f332309c4a98f937e24ae07ad, type: 3}
      propertyPath: m_LocalEulerAnglesHint.y
      value: 0
      objectReference: {fileID: 0}
    - target: {fileID: 2061667387360071918, guid: 5719de8f332309c4a98f937e24ae07ad, type: 3}
      propertyPath: m_LocalEulerAnglesHint.z
      value: 45
      objectReference: {fileID: 0}
    - target: {fileID: 4672017101998907690, guid: 5719de8f332309c4a98f937e24ae07ad, type: 3}
      propertyPath: m_Name
      value: Diamond Item (8)
      objectReference: {fileID: 0}
    - target: {fileID: 4672017101998907690, guid: 5719de8f332309c4a98f937e24ae07ad, type: 3}
      propertyPath: m_IsActive
      value: 0
      objectReference: {fileID: 0}
    m_RemovedComponents: []
    m_RemovedGameObjects: []
    m_AddedGameObjects: []
    m_AddedComponents: []
  m_SourcePrefab: {fileID: 100100000, guid: 5719de8f332309c4a98f937e24ae07ad, type: 3}
--- !u!1001 &1500621404
PrefabInstance:
  m_ObjectHideFlags: 0
  serializedVersion: 2
  m_Modification:
    serializedVersion: 3
    m_TransformParent: {fileID: 0}
    m_Modifications:
    - target: {fileID: 2061667387360071918, guid: 5719de8f332309c4a98f937e24ae07ad, type: 3}
      propertyPath: m_LocalPosition.x
      value: -7.41
      objectReference: {fileID: 0}
    - target: {fileID: 2061667387360071918, guid: 5719de8f332309c4a98f937e24ae07ad, type: 3}
      propertyPath: m_LocalPosition.y
      value: 0.5
      objectReference: {fileID: 0}
    - target: {fileID: 2061667387360071918, guid: 5719de8f332309c4a98f937e24ae07ad, type: 3}
      propertyPath: m_LocalPosition.z
      value: 9.77
      objectReference: {fileID: 0}
    - target: {fileID: 2061667387360071918, guid: 5719de8f332309c4a98f937e24ae07ad, type: 3}
      propertyPath: m_LocalRotation.w
      value: 0.92387956
      objectReference: {fileID: 0}
    - target: {fileID: 2061667387360071918, guid: 5719de8f332309c4a98f937e24ae07ad, type: 3}
      propertyPath: m_LocalRotation.x
      value: 0
      objectReference: {fileID: 0}
    - target: {fileID: 2061667387360071918, guid: 5719de8f332309c4a98f937e24ae07ad, type: 3}
      propertyPath: m_LocalRotation.y
      value: 0
      objectReference: {fileID: 0}
    - target: {fileID: 2061667387360071918, guid: 5719de8f332309c4a98f937e24ae07ad, type: 3}
      propertyPath: m_LocalRotation.z
      value: 0.38268343
      objectReference: {fileID: 0}
    - target: {fileID: 2061667387360071918, guid: 5719de8f332309c4a98f937e24ae07ad, type: 3}
      propertyPath: m_LocalEulerAnglesHint.x
      value: 0
      objectReference: {fileID: 0}
    - target: {fileID: 2061667387360071918, guid: 5719de8f332309c4a98f937e24ae07ad, type: 3}
      propertyPath: m_LocalEulerAnglesHint.y
      value: 0
      objectReference: {fileID: 0}
    - target: {fileID: 2061667387360071918, guid: 5719de8f332309c4a98f937e24ae07ad, type: 3}
      propertyPath: m_LocalEulerAnglesHint.z
      value: 45
      objectReference: {fileID: 0}
    - target: {fileID: 4672017101998907690, guid: 5719de8f332309c4a98f937e24ae07ad, type: 3}
      propertyPath: m_Name
      value: Diamond Item (7)
      objectReference: {fileID: 0}
    - target: {fileID: 4672017101998907690, guid: 5719de8f332309c4a98f937e24ae07ad, type: 3}
      propertyPath: m_IsActive
      value: 0
      objectReference: {fileID: 0}
    m_RemovedComponents: []
    m_RemovedGameObjects: []
    m_AddedGameObjects: []
    m_AddedComponents: []
  m_SourcePrefab: {fileID: 100100000, guid: 5719de8f332309c4a98f937e24ae07ad, type: 3}
--- !u!1 &1591790329
GameObject:
  m_ObjectHideFlags: 0
  m_CorrespondingSourceObject: {fileID: 0}
  m_PrefabInstance: {fileID: 0}
  m_PrefabAsset: {fileID: 0}
  serializedVersion: 6
  m_Component:
  - component: {fileID: 1591790332}
  - component: {fileID: 1591790331}
  - component: {fileID: 1591790330}
  - component: {fileID: 1591790333}
  m_Layer: 0
  m_Name: Main Camera
  m_TagString: MainCamera
  m_Icon: {fileID: 0}
  m_NavMeshLayer: 0
  m_StaticEditorFlags: 0
  m_IsActive: 1
--- !u!81 &1591790330
AudioListener:
  m_ObjectHideFlags: 0
  m_CorrespondingSourceObject: {fileID: 0}
  m_PrefabInstance: {fileID: 0}
  m_PrefabAsset: {fileID: 0}
  m_GameObject: {fileID: 1591790329}
  m_Enabled: 1
--- !u!20 &1591790331
Camera:
  m_ObjectHideFlags: 0
  m_CorrespondingSourceObject: {fileID: 0}
  m_PrefabInstance: {fileID: 0}
  m_PrefabAsset: {fileID: 0}
  m_GameObject: {fileID: 1591790329}
  m_Enabled: 1
  serializedVersion: 2
  m_ClearFlags: 1
  m_BackGroundColor: {r: 0.19215687, g: 0.3019608, b: 0.4745098, a: 0}
  m_projectionMatrixMode: 1
  m_GateFitMode: 2
  m_FOVAxisMode: 0
  m_Iso: 200
  m_ShutterSpeed: 0.005
  m_Aperture: 16
  m_FocusDistance: 10
  m_FocalLength: 50
  m_BladeCount: 5
  m_Curvature: {x: 2, y: 11}
  m_BarrelClipping: 0.25
  m_Anamorphism: 0
  m_SensorSize: {x: 36, y: 24}
  m_LensShift: {x: 0, y: 0}
  m_NormalizedViewPortRect:
    serializedVersion: 2
    x: 0
    y: 0
    width: 1
    height: 1
  near clip plane: 0.3
  far clip plane: 1000
  field of view: 60.000004
  orthographic: 0
  orthographic size: 5
  m_Depth: -1
  m_CullingMask:
    serializedVersion: 2
    m_Bits: 4294967295
  m_RenderingPath: -1
  m_TargetTexture: {fileID: 0}
  m_TargetDisplay: 0
  m_TargetEye: 3
  m_HDR: 1
  m_AllowMSAA: 1
  m_AllowDynamicResolution: 0
  m_ForceIntoRT: 0
  m_OcclusionCulling: 1
  m_StereoConvergence: 10
  m_StereoSeparation: 0.022
--- !u!4 &1591790332
Transform:
  m_ObjectHideFlags: 0
  m_CorrespondingSourceObject: {fileID: 0}
  m_PrefabInstance: {fileID: 0}
  m_PrefabAsset: {fileID: 0}
  m_GameObject: {fileID: 1591790329}
  serializedVersion: 2
  m_LocalRotation: {x: -7.2965806e-16, y: 0.00000009578471, z: 6.9890085e-23, w: 1}
  m_LocalPosition: {x: 0, y: 0, z: -10}
  m_LocalScale: {x: 1, y: 1, z: 1}
  m_ConstrainProportionsScale: 0
  m_Children: []
  m_Father: {fileID: 0}
  m_LocalEulerAnglesHint: {x: 0, y: 0, z: 0}
--- !u!114 &1591790333
MonoBehaviour:
  m_ObjectHideFlags: 0
  m_CorrespondingSourceObject: {fileID: 0}
  m_PrefabInstance: {fileID: 0}
  m_PrefabAsset: {fileID: 0}
  m_GameObject: {fileID: 1591790329}
  m_Enabled: 1
  m_EditorHideFlags: 0
  m_Script: {fileID: 11500000, guid: 72ece51f2901e7445ab60da3685d6b5f, type: 3}
  m_Name: 
  m_EditorClassIdentifier: 
  m_ShowDebugText: 0
  m_ShowCameraFrustum: 1
  m_IgnoreTimeScale: 0
  m_WorldUpOverride: {fileID: 0}
  m_UpdateMethod: 2
  m_BlendUpdateMethod: 1
  m_DefaultBlend:
    m_Style: 1
    m_Time: 2
    m_CustomCurve:
      serializedVersion: 2
      m_Curve: []
      m_PreInfinity: 2
      m_PostInfinity: 2
      m_RotationOrder: 4
  m_CustomBlends: {fileID: 0}
  m_CameraCutEvent:
    m_PersistentCalls:
      m_Calls: []
  m_CameraActivatedEvent:
    m_PersistentCalls:
      m_Calls: []
--- !u!1 &1614474903
GameObject:
  m_ObjectHideFlags: 0
  m_CorrespondingSourceObject: {fileID: 0}
  m_PrefabInstance: {fileID: 0}
  m_PrefabAsset: {fileID: 0}
  serializedVersion: 6
  m_Component:
  - component: {fileID: 1614474905}
  - component: {fileID: 1614474904}
  m_Layer: 0
  m_Name: Directional Light
  m_TagString: Untagged
  m_Icon: {fileID: 0}
  m_NavMeshLayer: 0
  m_StaticEditorFlags: 0
  m_IsActive: 1
--- !u!108 &1614474904
Light:
  m_ObjectHideFlags: 0
  m_CorrespondingSourceObject: {fileID: 0}
  m_PrefabInstance: {fileID: 0}
  m_PrefabAsset: {fileID: 0}
  m_GameObject: {fileID: 1614474903}
  m_Enabled: 1
  serializedVersion: 10
  m_Type: 1
  m_Shape: 0
  m_Color: {r: 1, g: 0.95686275, b: 0.8392157, a: 1}
  m_Intensity: 1
  m_Range: 10
  m_SpotAngle: 30
  m_InnerSpotAngle: 21.80208
  m_CookieSize: 10
  m_Shadows:
    m_Type: 2
    m_Resolution: -1
    m_CustomResolution: -1
    m_Strength: 1
    m_Bias: 0.05
    m_NormalBias: 0.4
    m_NearPlane: 0.2
    m_CullingMatrixOverride:
      e00: 1
      e01: 0
      e02: 0
      e03: 0
      e10: 0
      e11: 1
      e12: 0
      e13: 0
      e20: 0
      e21: 0
      e22: 1
      e23: 0
      e30: 0
      e31: 0
      e32: 0
      e33: 1
    m_UseCullingMatrixOverride: 0
  m_Cookie: {fileID: 0}
  m_DrawHalo: 0
  m_Flare: {fileID: 0}
  m_RenderMode: 0
  m_CullingMask:
    serializedVersion: 2
    m_Bits: 4294967295
  m_RenderingLayerMask: 1
  m_Lightmapping: 4
  m_LightShadowCasterMode: 0
  m_AreaSize: {x: 1, y: 1}
  m_BounceIntensity: 1
  m_ColorTemperature: 6570
  m_UseColorTemperature: 0
  m_BoundingSphereOverride: {x: 0, y: 0, z: 0, w: 0}
  m_UseBoundingSphereOverride: 0
  m_UseViewFrustumForShadowCasterCull: 1
  m_ShadowRadius: 0
  m_ShadowAngle: 0
--- !u!4 &1614474905
Transform:
  m_ObjectHideFlags: 0
  m_CorrespondingSourceObject: {fileID: 0}
  m_PrefabInstance: {fileID: 0}
  m_PrefabAsset: {fileID: 0}
  m_GameObject: {fileID: 1614474903}
  serializedVersion: 2
  m_LocalRotation: {x: 0.40821788, y: -0.23456968, z: 0.10938163, w: 0.8754261}
  m_LocalPosition: {x: 0, y: 3, z: 0}
  m_LocalScale: {x: 1, y: 1, z: 1}
  m_ConstrainProportionsScale: 0
  m_Children: []
  m_Father: {fileID: 0}
  m_LocalEulerAnglesHint: {x: 50, y: -30, z: 0}
--- !u!1001 &1646071546
PrefabInstance:
  m_ObjectHideFlags: 0
  serializedVersion: 2
  m_Modification:
    serializedVersion: 3
    m_TransformParent: {fileID: 0}
    m_Modifications:
    - target: {fileID: 617019500820798635, guid: 0bafe9eea277b664db43e9ebe2e5cb3c, type: 3}
      propertyPath: m_LocalPosition.x
      value: 3.34
      objectReference: {fileID: 0}
    - target: {fileID: 617019500820798635, guid: 0bafe9eea277b664db43e9ebe2e5cb3c, type: 3}
      propertyPath: m_LocalPosition.y
      value: 0.5
      objectReference: {fileID: 0}
    - target: {fileID: 617019500820798635, guid: 0bafe9eea277b664db43e9ebe2e5cb3c, type: 3}
      propertyPath: m_LocalPosition.z
      value: 9.66
      objectReference: {fileID: 0}
    - target: {fileID: 617019500820798635, guid: 0bafe9eea277b664db43e9ebe2e5cb3c, type: 3}
      propertyPath: m_LocalRotation.w
      value: 0.7071068
      objectReference: {fileID: 0}
    - target: {fileID: 617019500820798635, guid: 0bafe9eea277b664db43e9ebe2e5cb3c, type: 3}
      propertyPath: m_LocalRotation.x
      value: 0.7071068
      objectReference: {fileID: 0}
    - target: {fileID: 617019500820798635, guid: 0bafe9eea277b664db43e9ebe2e5cb3c, type: 3}
      propertyPath: m_LocalRotation.y
      value: 0
      objectReference: {fileID: 0}
    - target: {fileID: 617019500820798635, guid: 0bafe9eea277b664db43e9ebe2e5cb3c, type: 3}
      propertyPath: m_LocalRotation.z
      value: 0
      objectReference: {fileID: 0}
    - target: {fileID: 617019500820798635, guid: 0bafe9eea277b664db43e9ebe2e5cb3c, type: 3}
      propertyPath: m_LocalEulerAnglesHint.x
      value: 90
      objectReference: {fileID: 0}
    - target: {fileID: 617019500820798635, guid: 0bafe9eea277b664db43e9ebe2e5cb3c, type: 3}
      propertyPath: m_LocalEulerAnglesHint.y
      value: 0
      objectReference: {fileID: 0}
    - target: {fileID: 617019500820798635, guid: 0bafe9eea277b664db43e9ebe2e5cb3c, type: 3}
      propertyPath: m_LocalEulerAnglesHint.z
      value: 0
      objectReference: {fileID: 0}
    - target: {fileID: 8690578898723571531, guid: 0bafe9eea277b664db43e9ebe2e5cb3c, type: 3}
      propertyPath: m_Name
      value: Coin Item (7)
      objectReference: {fileID: 0}
    - target: {fileID: 8690578898723571531, guid: 0bafe9eea277b664db43e9ebe2e5cb3c, type: 3}
      propertyPath: m_IsActive
      value: 0
      objectReference: {fileID: 0}
    m_RemovedComponents: []
    m_RemovedGameObjects: []
    m_AddedGameObjects: []
    m_AddedComponents: []
  m_SourcePrefab: {fileID: 100100000, guid: 0bafe9eea277b664db43e9ebe2e5cb3c, type: 3}
--- !u!1001 &1757846632
PrefabInstance:
  m_ObjectHideFlags: 0
  serializedVersion: 2
  m_Modification:
    serializedVersion: 3
    m_TransformParent: {fileID: 0}
    m_Modifications:
    - target: {fileID: 2061667387360071918, guid: 5719de8f332309c4a98f937e24ae07ad, type: 3}
      propertyPath: m_LocalPosition.x
      value: -10
      objectReference: {fileID: 0}
    - target: {fileID: 2061667387360071918, guid: 5719de8f332309c4a98f937e24ae07ad, type: 3}
      propertyPath: m_LocalPosition.y
      value: 0.5
      objectReference: {fileID: 0}
    - target: {fileID: 2061667387360071918, guid: 5719de8f332309c4a98f937e24ae07ad, type: 3}
      propertyPath: m_LocalPosition.z
      value: 5.02
      objectReference: {fileID: 0}
    - target: {fileID: 2061667387360071918, guid: 5719de8f332309c4a98f937e24ae07ad, type: 3}
      propertyPath: m_LocalRotation.w
      value: 0.92387956
      objectReference: {fileID: 0}
    - target: {fileID: 2061667387360071918, guid: 5719de8f332309c4a98f937e24ae07ad, type: 3}
      propertyPath: m_LocalRotation.x
      value: 0
      objectReference: {fileID: 0}
    - target: {fileID: 2061667387360071918, guid: 5719de8f332309c4a98f937e24ae07ad, type: 3}
      propertyPath: m_LocalRotation.y
      value: 0
      objectReference: {fileID: 0}
    - target: {fileID: 2061667387360071918, guid: 5719de8f332309c4a98f937e24ae07ad, type: 3}
      propertyPath: m_LocalRotation.z
      value: 0.38268343
      objectReference: {fileID: 0}
    - target: {fileID: 2061667387360071918, guid: 5719de8f332309c4a98f937e24ae07ad, type: 3}
      propertyPath: m_LocalEulerAnglesHint.x
      value: 0
      objectReference: {fileID: 0}
    - target: {fileID: 2061667387360071918, guid: 5719de8f332309c4a98f937e24ae07ad, type: 3}
      propertyPath: m_LocalEulerAnglesHint.y
      value: 0
      objectReference: {fileID: 0}
    - target: {fileID: 2061667387360071918, guid: 5719de8f332309c4a98f937e24ae07ad, type: 3}
      propertyPath: m_LocalEulerAnglesHint.z
      value: 45
      objectReference: {fileID: 0}
    - target: {fileID: 4672017101998907690, guid: 5719de8f332309c4a98f937e24ae07ad, type: 3}
      propertyPath: m_Name
      value: Diamond Item (1)
      objectReference: {fileID: 0}
    - target: {fileID: 4672017101998907690, guid: 5719de8f332309c4a98f937e24ae07ad, type: 3}
      propertyPath: m_IsActive
      value: 0
      objectReference: {fileID: 0}
    m_RemovedComponents: []
    m_RemovedGameObjects: []
    m_AddedGameObjects: []
    m_AddedComponents: []
  m_SourcePrefab: {fileID: 100100000, guid: 5719de8f332309c4a98f937e24ae07ad, type: 3}
--- !u!1001 &1781554530
PrefabInstance:
  m_ObjectHideFlags: 0
  serializedVersion: 2
  m_Modification:
    serializedVersion: 3
    m_TransformParent: {fileID: 0}
    m_Modifications:
    - target: {fileID: 2061667387360071918, guid: 5719de8f332309c4a98f937e24ae07ad, type: 3}
      propertyPath: m_LocalPosition.x
      value: -7.15
      objectReference: {fileID: 0}
    - target: {fileID: 2061667387360071918, guid: 5719de8f332309c4a98f937e24ae07ad, type: 3}
      propertyPath: m_LocalPosition.y
      value: 0.5
      objectReference: {fileID: 0}
    - target: {fileID: 2061667387360071918, guid: 5719de8f332309c4a98f937e24ae07ad, type: 3}
      propertyPath: m_LocalPosition.z
      value: 6.6
      objectReference: {fileID: 0}
    - target: {fileID: 2061667387360071918, guid: 5719de8f332309c4a98f937e24ae07ad, type: 3}
      propertyPath: m_LocalRotation.w
      value: 0.92387956
      objectReference: {fileID: 0}
    - target: {fileID: 2061667387360071918, guid: 5719de8f332309c4a98f937e24ae07ad, type: 3}
      propertyPath: m_LocalRotation.x
      value: 0
      objectReference: {fileID: 0}
    - target: {fileID: 2061667387360071918, guid: 5719de8f332309c4a98f937e24ae07ad, type: 3}
      propertyPath: m_LocalRotation.y
      value: 0
      objectReference: {fileID: 0}
    - target: {fileID: 2061667387360071918, guid: 5719de8f332309c4a98f937e24ae07ad, type: 3}
      propertyPath: m_LocalRotation.z
      value: 0.38268343
      objectReference: {fileID: 0}
    - target: {fileID: 2061667387360071918, guid: 5719de8f332309c4a98f937e24ae07ad, type: 3}
      propertyPath: m_LocalEulerAnglesHint.x
      value: 0
      objectReference: {fileID: 0}
    - target: {fileID: 2061667387360071918, guid: 5719de8f332309c4a98f937e24ae07ad, type: 3}
      propertyPath: m_LocalEulerAnglesHint.y
      value: 0
      objectReference: {fileID: 0}
    - target: {fileID: 2061667387360071918, guid: 5719de8f332309c4a98f937e24ae07ad, type: 3}
      propertyPath: m_LocalEulerAnglesHint.z
      value: 45
      objectReference: {fileID: 0}
    - target: {fileID: 4672017101998907690, guid: 5719de8f332309c4a98f937e24ae07ad, type: 3}
      propertyPath: m_Name
      value: Diamond Item (4)
      objectReference: {fileID: 0}
    - target: {fileID: 4672017101998907690, guid: 5719de8f332309c4a98f937e24ae07ad, type: 3}
      propertyPath: m_IsActive
      value: 0
      objectReference: {fileID: 0}
    m_RemovedComponents: []
    m_RemovedGameObjects: []
    m_AddedGameObjects: []
    m_AddedComponents: []
  m_SourcePrefab: {fileID: 100100000, guid: 5719de8f332309c4a98f937e24ae07ad, type: 3}
--- !u!1001 &1792158058
PrefabInstance:
  m_ObjectHideFlags: 0
  serializedVersion: 2
  m_Modification:
    serializedVersion: 3
    m_TransformParent: {fileID: 0}
    m_Modifications:
    - target: {fileID: 617019500820798635, guid: 0bafe9eea277b664db43e9ebe2e5cb3c, type: 3}
      propertyPath: m_LocalPosition.x
      value: 10
      objectReference: {fileID: 0}
    - target: {fileID: 617019500820798635, guid: 0bafe9eea277b664db43e9ebe2e5cb3c, type: 3}
      propertyPath: m_LocalPosition.y
      value: 0.5
      objectReference: {fileID: 0}
    - target: {fileID: 617019500820798635, guid: 0bafe9eea277b664db43e9ebe2e5cb3c, type: 3}
      propertyPath: m_LocalPosition.z
      value: 7.81
      objectReference: {fileID: 0}
    - target: {fileID: 617019500820798635, guid: 0bafe9eea277b664db43e9ebe2e5cb3c, type: 3}
      propertyPath: m_LocalRotation.w
      value: 0.7071068
      objectReference: {fileID: 0}
    - target: {fileID: 617019500820798635, guid: 0bafe9eea277b664db43e9ebe2e5cb3c, type: 3}
      propertyPath: m_LocalRotation.x
      value: 0.7071068
      objectReference: {fileID: 0}
    - target: {fileID: 617019500820798635, guid: 0bafe9eea277b664db43e9ebe2e5cb3c, type: 3}
      propertyPath: m_LocalRotation.y
      value: 0
      objectReference: {fileID: 0}
    - target: {fileID: 617019500820798635, guid: 0bafe9eea277b664db43e9ebe2e5cb3c, type: 3}
      propertyPath: m_LocalRotation.z
      value: 0
      objectReference: {fileID: 0}
    - target: {fileID: 617019500820798635, guid: 0bafe9eea277b664db43e9ebe2e5cb3c, type: 3}
      propertyPath: m_LocalEulerAnglesHint.x
      value: 90
      objectReference: {fileID: 0}
    - target: {fileID: 617019500820798635, guid: 0bafe9eea277b664db43e9ebe2e5cb3c, type: 3}
      propertyPath: m_LocalEulerAnglesHint.y
      value: 0
      objectReference: {fileID: 0}
    - target: {fileID: 617019500820798635, guid: 0bafe9eea277b664db43e9ebe2e5cb3c, type: 3}
      propertyPath: m_LocalEulerAnglesHint.z
      value: 0
      objectReference: {fileID: 0}
    - target: {fileID: 8690578898723571531, guid: 0bafe9eea277b664db43e9ebe2e5cb3c, type: 3}
      propertyPath: m_Name
      value: Coin Item (2)
      objectReference: {fileID: 0}
    - target: {fileID: 8690578898723571531, guid: 0bafe9eea277b664db43e9ebe2e5cb3c, type: 3}
      propertyPath: m_IsActive
      value: 0
      objectReference: {fileID: 0}
    m_RemovedComponents: []
    m_RemovedGameObjects: []
    m_AddedGameObjects: []
    m_AddedComponents: []
  m_SourcePrefab: {fileID: 100100000, guid: 0bafe9eea277b664db43e9ebe2e5cb3c, type: 3}
--- !u!1001 &1862632374
PrefabInstance:
  m_ObjectHideFlags: 0
  serializedVersion: 2
  m_Modification:
    serializedVersion: 3
    m_TransformParent: {fileID: 0}
    m_Modifications:
    - target: {fileID: 2061667387360071918, guid: 5719de8f332309c4a98f937e24ae07ad, type: 3}
      propertyPath: m_LocalPosition.x
      value: -13.18
      objectReference: {fileID: 0}
    - target: {fileID: 2061667387360071918, guid: 5719de8f332309c4a98f937e24ae07ad, type: 3}
      propertyPath: m_LocalPosition.y
      value: 0.5
      objectReference: {fileID: 0}
    - target: {fileID: 2061667387360071918, guid: 5719de8f332309c4a98f937e24ae07ad, type: 3}
      propertyPath: m_LocalPosition.z
      value: 2.61
      objectReference: {fileID: 0}
    - target: {fileID: 2061667387360071918, guid: 5719de8f332309c4a98f937e24ae07ad, type: 3}
      propertyPath: m_LocalRotation.w
      value: 0.92387956
      objectReference: {fileID: 0}
    - target: {fileID: 2061667387360071918, guid: 5719de8f332309c4a98f937e24ae07ad, type: 3}
      propertyPath: m_LocalRotation.x
      value: 0
      objectReference: {fileID: 0}
    - target: {fileID: 2061667387360071918, guid: 5719de8f332309c4a98f937e24ae07ad, type: 3}
      propertyPath: m_LocalRotation.y
      value: 0
      objectReference: {fileID: 0}
    - target: {fileID: 2061667387360071918, guid: 5719de8f332309c4a98f937e24ae07ad, type: 3}
      propertyPath: m_LocalRotation.z
      value: 0.38268343
      objectReference: {fileID: 0}
    - target: {fileID: 2061667387360071918, guid: 5719de8f332309c4a98f937e24ae07ad, type: 3}
      propertyPath: m_LocalEulerAnglesHint.x
      value: 0
      objectReference: {fileID: 0}
    - target: {fileID: 2061667387360071918, guid: 5719de8f332309c4a98f937e24ae07ad, type: 3}
      propertyPath: m_LocalEulerAnglesHint.y
      value: 0
      objectReference: {fileID: 0}
    - target: {fileID: 2061667387360071918, guid: 5719de8f332309c4a98f937e24ae07ad, type: 3}
      propertyPath: m_LocalEulerAnglesHint.z
      value: 45
      objectReference: {fileID: 0}
    - target: {fileID: 4672017101998907690, guid: 5719de8f332309c4a98f937e24ae07ad, type: 3}
      propertyPath: m_Name
      value: Diamond Item (5)
      objectReference: {fileID: 0}
    - target: {fileID: 4672017101998907690, guid: 5719de8f332309c4a98f937e24ae07ad, type: 3}
      propertyPath: m_IsActive
      value: 0
      objectReference: {fileID: 0}
    m_RemovedComponents: []
    m_RemovedGameObjects: []
    m_AddedGameObjects: []
    m_AddedComponents: []
  m_SourcePrefab: {fileID: 100100000, guid: 5719de8f332309c4a98f937e24ae07ad, type: 3}
--- !u!1001 &1956048958
PrefabInstance:
  m_ObjectHideFlags: 0
  serializedVersion: 2
  m_Modification:
    serializedVersion: 3
    m_TransformParent: {fileID: 0}
    m_Modifications:
    - target: {fileID: 617019500820798635, guid: 0bafe9eea277b664db43e9ebe2e5cb3c, type: 3}
      propertyPath: m_LocalPosition.x
      value: 7.08
      objectReference: {fileID: 0}
    - target: {fileID: 617019500820798635, guid: 0bafe9eea277b664db43e9ebe2e5cb3c, type: 3}
      propertyPath: m_LocalPosition.y
      value: 0.5
      objectReference: {fileID: 0}
    - target: {fileID: 617019500820798635, guid: 0bafe9eea277b664db43e9ebe2e5cb3c, type: 3}
      propertyPath: m_LocalPosition.z
      value: 9.06
      objectReference: {fileID: 0}
    - target: {fileID: 617019500820798635, guid: 0bafe9eea277b664db43e9ebe2e5cb3c, type: 3}
      propertyPath: m_LocalRotation.w
      value: 0.7071068
      objectReference: {fileID: 0}
    - target: {fileID: 617019500820798635, guid: 0bafe9eea277b664db43e9ebe2e5cb3c, type: 3}
      propertyPath: m_LocalRotation.x
      value: 0.7071068
      objectReference: {fileID: 0}
    - target: {fileID: 617019500820798635, guid: 0bafe9eea277b664db43e9ebe2e5cb3c, type: 3}
      propertyPath: m_LocalRotation.y
      value: 0
      objectReference: {fileID: 0}
    - target: {fileID: 617019500820798635, guid: 0bafe9eea277b664db43e9ebe2e5cb3c, type: 3}
      propertyPath: m_LocalRotation.z
      value: 0
      objectReference: {fileID: 0}
    - target: {fileID: 617019500820798635, guid: 0bafe9eea277b664db43e9ebe2e5cb3c, type: 3}
      propertyPath: m_LocalEulerAnglesHint.x
      value: 90
      objectReference: {fileID: 0}
    - target: {fileID: 617019500820798635, guid: 0bafe9eea277b664db43e9ebe2e5cb3c, type: 3}
      propertyPath: m_LocalEulerAnglesHint.y
      value: 0
      objectReference: {fileID: 0}
    - target: {fileID: 617019500820798635, guid: 0bafe9eea277b664db43e9ebe2e5cb3c, type: 3}
      propertyPath: m_LocalEulerAnglesHint.z
      value: 0
      objectReference: {fileID: 0}
    - target: {fileID: 8690578898723571531, guid: 0bafe9eea277b664db43e9ebe2e5cb3c, type: 3}
      propertyPath: m_Name
      value: Coin Item (6)
      objectReference: {fileID: 0}
    - target: {fileID: 8690578898723571531, guid: 0bafe9eea277b664db43e9ebe2e5cb3c, type: 3}
      propertyPath: m_IsActive
      value: 0
      objectReference: {fileID: 0}
    m_RemovedComponents: []
    m_RemovedGameObjects: []
    m_AddedGameObjects: []
    m_AddedComponents: []
  m_SourcePrefab: {fileID: 100100000, guid: 0bafe9eea277b664db43e9ebe2e5cb3c, type: 3}
--- !u!1 &2017180491
GameObject:
  m_ObjectHideFlags: 0
  m_CorrespondingSourceObject: {fileID: 0}
  m_PrefabInstance: {fileID: 0}
  m_PrefabAsset: {fileID: 0}
  serializedVersion: 6
  m_Component:
  - component: {fileID: 2017180493}
  - component: {fileID: 2017180492}
  m_Layer: 0
  m_Name: Prefab Launcher (RC) (1)
  m_TagString: Untagged
  m_Icon: {fileID: 0}
  m_NavMeshLayer: 0
  m_StaticEditorFlags: 0
  m_IsActive: 0
--- !u!114 &2017180492
MonoBehaviour:
  m_ObjectHideFlags: 0
  m_CorrespondingSourceObject: {fileID: 0}
  m_PrefabInstance: {fileID: 0}
  m_PrefabAsset: {fileID: 0}
  m_GameObject: {fileID: 2017180491}
  m_Enabled: 1
  m_EditorHideFlags: 0
  m_Script: {fileID: 11500000, guid: d0f5730755a542768d4a7bb04ce41062, type: 3}
  m_Name: 
  m_EditorClassIdentifier: 
  m_Interval: 1.2
  m_PrefabToBeLaunched: {fileID: 5844256612401741293, guid: 47e06313f3e889748a4253612c661381, type: 3}
  m_Power: 10
--- !u!4 &2017180493
Transform:
  m_ObjectHideFlags: 0
  m_CorrespondingSourceObject: {fileID: 0}
  m_PrefabInstance: {fileID: 0}
  m_PrefabAsset: {fileID: 0}
  m_GameObject: {fileID: 2017180491}
  serializedVersion: 2
  m_LocalRotation: {x: -0.3516659, y: -0, z: -0, w: 0.93612564}
  m_LocalPosition: {x: 0, y: 0, z: -4.58}
  m_LocalScale: {x: 1, y: 1, z: 1}
  m_ConstrainProportionsScale: 0
  m_Children: []
  m_Father: {fileID: 0}
  m_LocalEulerAnglesHint: {x: -41.179, y: 0, z: 0}
--- !u!1 &2103277385
GameObject:
  m_ObjectHideFlags: 0
  m_CorrespondingSourceObject: {fileID: 0}
  m_PrefabInstance: {fileID: 0}
  m_PrefabAsset: {fileID: 0}
  serializedVersion: 6
  m_Component:
  - component: {fileID: 2103277387}
  - component: {fileID: 2103277386}
  m_Layer: 0
  m_Name: Prefab Launcher (RTC)
  m_TagString: Untagged
  m_Icon: {fileID: 0}
  m_NavMeshLayer: 0
  m_StaticEditorFlags: 0
  m_IsActive: 0
--- !u!114 &2103277386
MonoBehaviour:
  m_ObjectHideFlags: 0
  m_CorrespondingSourceObject: {fileID: 0}
  m_PrefabInstance: {fileID: 0}
  m_PrefabAsset: {fileID: 0}
  m_GameObject: {fileID: 2103277385}
  m_Enabled: 1
  m_EditorHideFlags: 0
  m_Script: {fileID: 11500000, guid: d0f5730755a542768d4a7bb04ce41062, type: 3}
  m_Name: 
  m_EditorClassIdentifier: 
  m_Interval: 1.2
  m_PrefabToBeLaunched: {fileID: 1824460759469915366, guid: 1d0b00aee62e0c74c87c7af57340b3a3, type: 3}
  m_Power: 10
--- !u!4 &2103277387
Transform:
  m_ObjectHideFlags: 0
  m_CorrespondingSourceObject: {fileID: 0}
  m_PrefabInstance: {fileID: 0}
  m_PrefabAsset: {fileID: 0}
  m_GameObject: {fileID: 2103277385}
  serializedVersion: 2
  m_LocalRotation: {x: -0.3516659, y: -0, z: -0, w: 0.93612564}
  m_LocalPosition: {x: -2, y: 0, z: -4.58}
  m_LocalScale: {x: 1, y: 1, z: 1}
  m_ConstrainProportionsScale: 0
  m_Children: []
  m_Father: {fileID: 0}
  m_LocalEulerAnglesHint: {x: -41.179, y: 0, z: 0}
--- !u!1001 &2132504646
PrefabInstance:
  m_ObjectHideFlags: 0
  serializedVersion: 2
  m_Modification:
    serializedVersion: 3
    m_TransformParent: {fileID: 0}
    m_Modifications:
    - target: {fileID: 2057756985488089673, guid: ae993f25d09ac9a40a59dfa00d2c3fd3, type: 3}
      propertyPath: m_LocalPosition.x
      value: 2.7142975
      objectReference: {fileID: 0}
    - target: {fileID: 2057756985488089673, guid: ae993f25d09ac9a40a59dfa00d2c3fd3, type: 3}
      propertyPath: m_LocalPosition.y
      value: 0.5
      objectReference: {fileID: 0}
    - target: {fileID: 2057756985488089673, guid: ae993f25d09ac9a40a59dfa00d2c3fd3, type: 3}
      propertyPath: m_LocalPosition.z
      value: 3.556346
      objectReference: {fileID: 0}
    - target: {fileID: 2057756985488089673, guid: ae993f25d09ac9a40a59dfa00d2c3fd3, type: 3}
      propertyPath: m_LocalRotation.w
      value: -0.000000005035869
      objectReference: {fileID: 0}
    - target: {fileID: 2057756985488089673, guid: ae993f25d09ac9a40a59dfa00d2c3fd3, type: 3}
      propertyPath: m_LocalRotation.x
      value: 0.29150748
      objectReference: {fileID: 0}
    - target: {fileID: 2057756985488089673, guid: ae993f25d09ac9a40a59dfa00d2c3fd3, type: 3}
      propertyPath: m_LocalRotation.y
      value: 0.95656854
      objectReference: {fileID: 0}
    - target: {fileID: 2057756985488089673, guid: ae993f25d09ac9a40a59dfa00d2c3fd3, type: 3}
      propertyPath: m_LocalRotation.z
      value: -0.000000024382663
      objectReference: {fileID: 0}
    - target: {fileID: 2057756985488089673, guid: ae993f25d09ac9a40a59dfa00d2c3fd3, type: 3}
      propertyPath: m_LocalEulerAnglesHint.x
      value: 0
      objectReference: {fileID: 0}
    - target: {fileID: 2057756985488089673, guid: ae993f25d09ac9a40a59dfa00d2c3fd3, type: 3}
      propertyPath: m_LocalEulerAnglesHint.y
      value: -180
      objectReference: {fileID: 0}
    - target: {fileID: 2057756985488089673, guid: ae993f25d09ac9a40a59dfa00d2c3fd3, type: 3}
      propertyPath: m_LocalEulerAnglesHint.z
      value: 33.896
      objectReference: {fileID: 0}
    - target: {fileID: 2057756985488522857, guid: ae993f25d09ac9a40a59dfa00d2c3fd3, type: 3}
      propertyPath: m_Name
      value: icecream
      objectReference: {fileID: 0}
    - target: {fileID: 2057756985488522857, guid: ae993f25d09ac9a40a59dfa00d2c3fd3, type: 3}
      propertyPath: m_IsActive
      value: 0
      objectReference: {fileID: 0}
    m_RemovedComponents: []
    m_RemovedGameObjects: []
    m_AddedGameObjects: []
    m_AddedComponents: []
  m_SourcePrefab: {fileID: 100100000, guid: ae993f25d09ac9a40a59dfa00d2c3fd3, type: 3}
--- !u!1001 &3830627476625139638
PrefabInstance:
  m_ObjectHideFlags: 0
  serializedVersion: 2
  m_Modification:
    serializedVersion: 3
    m_TransformParent: {fileID: 0}
    m_Modifications:
    - target: {fileID: 6092198044467623255, guid: 79f9b6b41ca9ca440b686b0333fc9b72, type: 3}
      propertyPath: m_LocalPosition.x
      value: 2.7703083
      objectReference: {fileID: 0}
    - target: {fileID: 6092198044467623255, guid: 79f9b6b41ca9ca440b686b0333fc9b72, type: 3}
      propertyPath: m_LocalPosition.y
      value: 0.5
      objectReference: {fileID: 0}
    - target: {fileID: 6092198044467623255, guid: 79f9b6b41ca9ca440b686b0333fc9b72, type: 3}
      propertyPath: m_LocalPosition.z
      value: 3.1151133
      objectReference: {fileID: 0}
    - target: {fileID: 6092198044467623255, guid: 79f9b6b41ca9ca440b686b0333fc9b72, type: 3}
      propertyPath: m_LocalRotation.w
      value: 0.0000000754979
      objectReference: {fileID: 0}
    - target: {fileID: 6092198044467623255, guid: 79f9b6b41ca9ca440b686b0333fc9b72, type: 3}
      propertyPath: m_LocalRotation.x
      value: 1.7112914e-15
      objectReference: {fileID: 0}
    - target: {fileID: 6092198044467623255, guid: 79f9b6b41ca9ca440b686b0333fc9b72, type: 3}
      propertyPath: m_LocalRotation.y
      value: 1
      objectReference: {fileID: 0}
    - target: {fileID: 6092198044467623255, guid: 79f9b6b41ca9ca440b686b0333fc9b72, type: 3}
      propertyPath: m_LocalRotation.z
      value: -0.000000021855694
      objectReference: {fileID: 0}
    - target: {fileID: 6092198044467623255, guid: 79f9b6b41ca9ca440b686b0333fc9b72, type: 3}
      propertyPath: m_LocalEulerAnglesHint.x
      value: 0
      objectReference: {fileID: 0}
    - target: {fileID: 6092198044467623255, guid: 79f9b6b41ca9ca440b686b0333fc9b72, type: 3}
      propertyPath: m_LocalEulerAnglesHint.y
      value: 0
      objectReference: {fileID: 0}
    - target: {fileID: 6092198044467623255, guid: 79f9b6b41ca9ca440b686b0333fc9b72, type: 3}
      propertyPath: m_LocalEulerAnglesHint.z
      value: 0
      objectReference: {fileID: 0}
    - target: {fileID: 6092198044467849591, guid: 79f9b6b41ca9ca440b686b0333fc9b72, type: 3}
      propertyPath: m_Name
      value: grape
      objectReference: {fileID: 0}
    m_RemovedComponents: []
    m_RemovedGameObjects: []
    m_AddedGameObjects: []
    m_AddedComponents: []
  m_SourcePrefab: {fileID: 100100000, guid: 79f9b6b41ca9ca440b686b0333fc9b72, type: 3}
--- !u!1001 &7658480821576965107
PrefabInstance:
  m_ObjectHideFlags: 0
  serializedVersion: 2
  m_Modification:
    serializedVersion: 3
    m_TransformParent: {fileID: 0}
    m_Modifications:
    - target: {fileID: 5701535035528778841, guid: 2cf4d56211e55474084a3f3fb2070006, type: 3}
      propertyPath: m_Name
      value: pumpkin
      objectReference: {fileID: 0}
    - target: {fileID: 5701535035528874105, guid: 2cf4d56211e55474084a3f3fb2070006, type: 3}
      propertyPath: m_LocalPosition.x
      value: -0.28300476
      objectReference: {fileID: 0}
    - target: {fileID: 5701535035528874105, guid: 2cf4d56211e55474084a3f3fb2070006, type: 3}
      propertyPath: m_LocalPosition.y
      value: 0.5
      objectReference: {fileID: 0}
    - target: {fileID: 5701535035528874105, guid: 2cf4d56211e55474084a3f3fb2070006, type: 3}
      propertyPath: m_LocalPosition.z
      value: 2.8516216
      objectReference: {fileID: 0}
    - target: {fileID: 5701535035528874105, guid: 2cf4d56211e55474084a3f3fb2070006, type: 3}
      propertyPath: m_LocalRotation.w
      value: 0.0000000754979
      objectReference: {fileID: 0}
    - target: {fileID: 5701535035528874105, guid: 2cf4d56211e55474084a3f3fb2070006, type: 3}
      propertyPath: m_LocalRotation.x
      value: 1.7112914e-15
      objectReference: {fileID: 0}
    - target: {fileID: 5701535035528874105, guid: 2cf4d56211e55474084a3f3fb2070006, type: 3}
      propertyPath: m_LocalRotation.y
      value: 1
      objectReference: {fileID: 0}
    - target: {fileID: 5701535035528874105, guid: 2cf4d56211e55474084a3f3fb2070006, type: 3}
      propertyPath: m_LocalRotation.z
      value: -0.000000021855694
      objectReference: {fileID: 0}
    - target: {fileID: 5701535035528874105, guid: 2cf4d56211e55474084a3f3fb2070006, type: 3}
      propertyPath: m_LocalEulerAnglesHint.x
      value: 0
      objectReference: {fileID: 0}
    - target: {fileID: 5701535035528874105, guid: 2cf4d56211e55474084a3f3fb2070006, type: 3}
      propertyPath: m_LocalEulerAnglesHint.y
      value: 0
      objectReference: {fileID: 0}
    - target: {fileID: 5701535035528874105, guid: 2cf4d56211e55474084a3f3fb2070006, type: 3}
      propertyPath: m_LocalEulerAnglesHint.z
      value: 0
      objectReference: {fileID: 0}
    m_RemovedComponents: []
    m_RemovedGameObjects: []
    m_AddedGameObjects: []
    m_AddedComponents: []
  m_SourcePrefab: {fileID: 100100000, guid: 2cf4d56211e55474084a3f3fb2070006, type: 3}
--- !u!1660057539 &9223372036854775807
SceneRoots:
  m_ObjectHideFlags: 0
  m_Roots:
  - {fileID: 1591790332}
  - {fileID: 1614474905}
  - {fileID: 866889211}
  - {fileID: 15019600}
  - {fileID: 1161247084}
  - {fileID: 16062303}
  - {fileID: 1757846632}
  - {fileID: 723366542}
  - {fileID: 1053243698}
  - {fileID: 1781554530}
  - {fileID: 1862632374}
  - {fileID: 101870519}
  - {fileID: 1500621404}
  - {fileID: 1474972487}
  - {fileID: 738770645}
  - {fileID: 877489715}
  - {fileID: 593866248}
  - {fileID: 1792158058}
  - {fileID: 696658788}
  - {fileID: 602311484}
  - {fileID: 769426524}
  - {fileID: 1956048958}
  - {fileID: 1646071546}
  - {fileID: 302221045}
  - {fileID: 547303817}
  - {fileID: 125612252}
  - {fileID: 2017180493}
  - {fileID: 2103277387}
  - {fileID: 27540280}
  - {fileID: 2132504646}
  - {fileID: 494738681}
  - {fileID: 331019853}
  - {fileID: 7658480821576965107}
  - {fileID: 3830627476625139638}
